3886 6142
182 220 237 290 sss
787 198 1233 280 mucrrntushusrrsoori
1784 214 1841 279 sus

182 341 329 407 scribentis
343 340 377 398 ad
392 337 581 398 Constantium
601 334 797 407 imperatorem
818 337 845 392 in
867 336 984 391 coneilio
998 335 1023 397 Α
1037 352 1092 393 non
1119 336 1200 391 modo
1224 335 1351 392 Paulinus
1371 349 1406 393 ex
1425 333 1577 394 Arelatensi
1592 330 1698 410 syuodo
1711 347 1757 389 an.
1773 316 1839 403 354,

181 437 303 498 laudavit
316 435 480 493 Cmtcstiuus
493 447 561 505 papa
585 428 608 497 l,
634 437 663 486 et
683 429 820 487 Arrrohins
834 430 883 486 tib.
909 445 928 484 ιι
953 430 986 486 de
1037 432 1085 488 sed
1097 441 1124 486 ot
1136 448 1168 488 ex
1183 430 1375 488 Mediolanensi
1394 445 1439 486 an.
1456 430 1519 497 555,
1540 429 1674 486 Eusebius
1689 445 1721 487 ac
1737 430 1839 504 ltiouy·

183 533 311 594 condictu
325 544 386 585 curu
397 527 547 596 Serapione
560 523 686 579 inseruit.
701 522 844 580 Postremo
855 523 987 596 Hierony·
1037 527 1094 582 sius
1107 526 1133 580 in
1148 526 1273 581 exsilium
1298 524 1377 597 ejecti
1400 532 1561 591 narrantur,
1582 530 1671 597 neque
1686 527 1767 581 ctiam
1783 527 1841 598 pri-

183 640 244 686 mus
259 622 358 679 librum
376 618 470 675 Hilarii
480 618 506 674 iu
518 614 709 674 Constantium
720 616 777 688 jam
793 618 848 670 rita
865 614 985 671 irruotum
1038 634 1122 684 mam,
1136 635 1188 689 qua
1202 620 1370 691 egregiorum
1384 616 1556 674 sacerdotem
1572 618 1606 676 ab
1622 620 1720 676 exsilio
1735 620 1843 678 reditus

184 722 319 777 memorat
341 731 348 770 :
370 728 432 770 cum
449 713 511 768 viro
530 708 692 768 Constantio
715 720 771 767 tres
790 711 856 766 istos
871 709 987 781 scriptos
1038 712 1199 785 suppliciter
1212 713 1370 784 postulatur.
1394 710 1453 768 Non
1474 711 1544 767 enim
1560 719 1623 769 ante
1639 714 1782 784 praedictas
1796 729 1842 787 sy·

182 812 267 869 luisse
282 807 531 864 constantissimum
545 805 591 861 sit.
1039 807 1127 863 nodos
1141 806 1311 862 sacerdotum
1334 818 1445 861 suorum
1470 805 1565 862 exsilia
1588 807 1663 862 norit
1688 807 1840 875 Occideus;

219 902 264 962 ltl.
284 902 353 971 Quae
368 902 434 959 licet
449 901 484 957 ita
497 900 562 965 siut,
577 897 645 955 aiios
663 906 753 956 tamen
774 898 807 954 ab
820 896 863 954 his
876 897 988 954 minime
1039 905 1117 975 cujus
1133 903 1282 975 praesertim
1299 899 1376 956 malis
1390 899 1524 956 Hilarium
1537 900 1581 958 hic
1593 902 1758 958 commoveri
1778 903 1839 973 quis

184 994 381 1055 desiderandos
395 994 558 1050 arbitramur
578 1009 584 1047 :
601 1000 629 1047 ct
649 989 827 1049 Fortunatum
842 989 951 1061 quidem
972 1004 987 1044 a
1039 1010 1093 1053 non
1116 994 1303 1052 assentiatur?
1324 992 1417 1063 deque
1431 995 1520 1049 minus
1536 1001 1654 1060 constat,
1673 993 1744 1049 tinne
1765 993 1844 1050 libel·

186 1088 308 1160 Sulpicio
322 1088 466 1158 deceptum
485 1101 561 1154 essc;
581 1083 655 1140 hrrnc
669 1101 734 1143 vcro
750 1085 834 1140 hinnio
847 1083 988 1141 brevitatis
1039 1092 1095 1148 lum
1108 1091 1142 1148 ab
1156 1105 1189 1146 eo
1201 1099 1264 1146 aute
1285 1087 1410 1145 exsilium
1431 1087 1518 1158 ipsius
1532 1087 1662 1158 seriptum
1677 1102 1748 1144 esse.
1772 1086 1841 1144 Nam

185 1180 278 1239 studio
293 1189 351 1236 tres
371 1180 466 1248 libros,
487 1193 554 1250 quos
574 1176 720 1245 habemus,
737 1176 787 1234 snb
801 1177 878 1234 titulo
892 1191 988 1232 corum
1040 1193 1139 1254 praeter
1152 1197 1232 1253 quam
1247 1180 1320 1251 quod
1335 1181 1361 1234 in
1377 1179 1421 1246 iis,
1437 1194 1505 1250 quos
1524 1179 1600 1235 exsul
1616 1177 1734 1249 scripsit,
1750 1186 1842 1236 tacere

186 1273 232 1331 uni
249 1274 391 1331 dumtaxat
412 1272 592 1328 conveniente
611 1269 863 1340 comprehendisse,
878 1277 923 1324 ant
939 1282 988 1339 po·
1039 1293 1094 1333 non
1117 1277 1187 1333 solet
1210 1275 1348 1342 exsilium,
1372 1283 1446 1329 certe
1469 1288 1522 1329 non
1549 1275 1615 1329 satis
1642 1272 1754 1328 idoneus
1769 1280 1844 1330 esset

184 1369 249 1438 tius,
266 1369 338 1423 sicut
358 1374 386 1423 ct
404 1366 488 1423 multa
510 1362 574 1435 alia,
596 1364 762 1422 cotrtudisse.
786 1365 879 1436 Neque
902 1364 988 1420 ullum
1040 1369 1127 1436 exsul,
1144 1368 1320 1440 quintiorum
1339 1364 1373 1421 ab
1391 1366 1488 1422 exsilio
1500 1365 1617 1422 reditum
1633 1365 1840 1437 deprecaretur.

183 1459 243 1518 dere
254 1458 367 1515 dubium
382 1468 435 1526 est,
450 1458 515 1531 quin
529 1454 712 1530 Hieronymus
725 1456 835 1524 tibrum,
851 1458 896 1529 qui
909 1456 989 1513 tertio
1040 1461 1107 1518 Cum
1120 1471 1210 1518 autem
1224 1461 1274 1516 suh
1289 1459 1353 1516 anni
1377 1457 1430 1515 555
1452 1459 1557 1515 ἱιιῑιῑιιιιι
1571 1458 1709 1531 relegatus
1722 1461 1757 1516 sit
1775 1477 1782 1514 ι
1808 1459 1843 1517 ad

182 1554 247 1611 loco
272 1552 431 1620 exhibetur,
456 1559 551 1607 contra
573 1547 762 1608 Constantium
787 1549 843 1605 uita
867 1550 988 1606 lrrrrctnm
1041 1552 1149 1610 baronii
1168 1553 1333 1610 seutentiam
1345 1550 1524 1610 redeundum.

181 1646 294 1704 dixerit.
309 1646 501 1719 Fragmentum
516 1646 607 1701 autem
620 1660 635 1699 a
650 1641 800 1702 celestino
819 1652 846 1700 et
868 1643 989 1699 drnobio
1076 1647 1122 1703 lli.
1137 1648 1197 1716 Qrtc
1211 1648 1353 1703 occasione.
1365 1674 1402 1688 -
1413 1645 1591 1703 Porrolibclll
1606 1644 1687 1718 hujus
1701 1645 1844 1705 scribendi

183 1753 365 1799 memoratum
381 1756 442 1798 eum
458 1740 720 1813 ultrorecipiemus‚
734 1750 762 1797 ut
775 1739 868 1797 Hilarii
882 1740 987 1796 calamo
1003 1737 1028 1800 B
1043 1758 1076 1798 ex
1100 1741 1252 1798 Constantii
1278 1739 1374 1797 litteris
1401 1753 1465 1798 nata
1490 1742 1596 1799 ridetur
1621 1744 1740 1800 occasio.
1773 1741 1843 1799 Cum

184 1843 213 1892 et
226 1835 337 1907 ingenio
359 1850 472 1907 prorsus
496 1842 721 1900 consentaneum,
743 1846 833 1905 neque
856 1830 924 1888 laiso
946 1832 988 1887 in·
1042 1835 1115 1892 enim
1137 1850 1182 1890 an.
1203 1833 1274 1901 555,
1294 1841 1362 1890 teste
1376 1835 1521 1891 Ammiano
1543 1835 1589 1890 lib.
1607 1850 1666 1901 sur,
1686 1833 1845 1905 trequentes

184 1926 318 1997 mutilium
338 1935 481 1998 putemus;
497 1925 578 1983 stelle
591 1936 681 1983 tumen
697 1927 851 1997 opinaturi,
866 1924 933 1981 illud
952 1923 986 1979 td
1042 1938 1135 1988 essent
1148 1931 1174 1984 in
1186 1929 1287 1986 Gallias
1300 1928 1479 1986 barbarorum
1493 1929 1637 1997 incursus,
1652 1938 1764 2000 propter
1778 1941 1847 1999 quos

185 2028 247 2073 eam
272 2016 350 2087 pm'mi
371 2015 457 2073 libelli
479 2027 585 2089 partem
602 2017 756 2089 pertinere,
772 2029 833 2089 quae
846 2014 991 2072 maniiestc
1042 2014 1232 2088 reprimendos
1257 2014 1383 2070 lulianus
1407 2014 1503 2072 eodem
1525 2028 1597 2069 arrno
1615 2024 1732 2070 exeunte
1754 2011 1848 2069 Caesar

184 2109 280 2167 mutilo
295 2121 378 2181 atque
394 2118 517 2166 truncata
532 2119 584 2166 est.
1042 2116 1151 2166 creatus
1170 2117 1226 2174 est;
1247 2107 1397 2164 verisimile
1415 2116 1475 2174 est,
1490 2105 1678 2163 Constantium
1706 2104 1849 2163 Gallorum

224 2201 270 2259 ll.
292 2202 327 2258 du
339 2203 423 2276 primo
436 2201 695 2275 tidrooiiptriddocst.
705 2200 746 2257 Au
757 2199 855 2270 aliquid
868 2199 992 2254 hrbmttu
1043 2197 1153 2256 dissidia
1173 2210 1201 2256 et
1214 2199 1364 2256 seditiones
1379 2200 1497 2256 veritum
1515 2198 1548 2255 ad
1561 2197 1671 2256 cosdem
1688 2198 1847 2270 scripsisse,

188 2295 723 2353 edendoadrutum-Nonnullaeuim
743 2295 771 2350 in
789 2293 841 2349 boc
857 2292 990 2363 primoli·
1042 2306 1097 2364 uuo
1113 2306 1162 2348 eos
1180 2291 1313 2347 iuolhcio
1334 2291 1498 2347 contineret.
1521 2289 1577 2346 imo
1599 2300 1744 2346 commotae
1775 2288 1850 2346 sedi·

186 2390 237 2448 bro
249 2391 348 2447 deesse
360 2391 417 2463 jam
429 2390 602 2448 adverterunt
612 2390 721 2454 eruditi,
731 2396 760 2444 et
771 2388 993 2458 pmsprieunmcst
1041 2388 1124 2447 'tionis
1137 2389 1319 2461 suspicionem
1330 2387 1387 2458 jam
1398 2388 1449 2443 sibi
1460 2387 1496 2443 ab
1509 2386 1640 2458 improbis
1654 2385 1849 2443 susurronibus

189 2485 231 2541 rei
244 2498 278 2541 ex
293 2482 336 2540 his
352 2484 478 2540 uum..'i:
495 2480 609 2539 Houmet
624 2483 692 2539 calor
713 2479 900 2536 absolutionem
915 2481 989 2553 ejus,
1042 2482 1172 2556 inlectam
1190 2498 1253 2539 enm
1268 2480 1354 2539 Gallis
1374 2481 1544 2553 significasse
1561 2480 1676 2536 innuunt
1696 2479 1754 2535 haec
1769 2493 1846 2535 num·

77 2658 81 2663 Ι
186 2583 254 2644 cte,
268 2574 640 2647 qrtaecumadltthanssium
655 2573 751 2631 reterri
766 2587 881 2630 necesse
895 2573 940 2638 sit,
963 2571 991 2628 in
1042 2575 1153 2633 stilos
1167 2578 1305 2648 enisurum
1331 2582 1467 2648 powers
1486 2585 1531 2631 set
1553 2575 1657 2631 irradio
1674 2576 1788 2647 mutique
1808 2575 1849 2630 io·

188 2667 309 2724 animum
323 2666 456 2723 inducunt
468 2681 621 2723 sermonem
631 2666 665 2722 de
675 2677 770 2723 sancto
783 2665 898 2721 illoriro
912 2672 991 2720 antes
1041 2679 1136 2742 quator
1152 2687 1161 2726 .·
1179 2671 1254 2727 usila
1268 2669 1373 2742 quidem
1385 2671 1500 2741 ruricio
1514 2680 1561 2734 est,
1580 2684 1633 2725 sort
1646 2669 1723 2724 modo
1738 2668 1848 2725 seditio·

189 2758 311 2817 habitum
327 2759 489 2817 desiderari.
505 2759 621 2816 Rursum
639 2776 712 2816 nunt.
737 2759 764 2826 8,
788 2759 905 2816 Nicaenae
929 2757 992 2813 udei
1042 2765 1101 2831 ait,
1128 2764 1174 2820 sed
1195 2781 1242 2819 trec
1269 2779 1369 2835 ospcrtr
1393 2761 1650 2818 obmurmurationis.
1674 2762 1769 2828 Quieto
1786 2766 1849 2818 suut

186 2854 289 2910 ruendo
303 2852 360 2925 iam
383 2852 452 2908 taeta
469 2861 654 2917 memoratur:
681 2852 805 2924 uuanrvis
829 2849 936 2907 uultum
963 2850 992 2904 in
1044 2856 1130 2911 oritura
1145 2866 1168 2911 er
1183 2857 1338 2912 verecunda.
1355 2854 1432 2911 uano
1444 2854 1525 2926 igitur
1535 2854 1764 2924 opportunitatem
1780 2869 1849 2910 nac·

186 2943 497 3017 superimmensus
518 2944 630 3000 veroum
647 2943 888 3014 occursantium
909 2942 990 2996 etiam
1044 2961 1087 3007 us
1103 2950 1230 3018 thlartus,
1251 2949 1312 3020 prus
1326 2948 1361 3005 ab
1380 2945 1488 3004 auteurs
1504 2945 1653 3002 usurarium
1673 2944 1846 3013 reseremus

186 3037 357 3106 dubitarunt,
379 3053 413 3094 au
437 3054 492 3094 nou
513 3036 576 3093 huic
590 3036 681 3093 libello
695 3036 803 3094 aliunde
818 3035 913 3091 adsuit
925 3033 990 3100 siut,
1044 3046 1143 3116 quibus
1153 3043 1348 3115 perturbantur
1360 3040 1452 3097 omnia
1470 3057 1476 3095 :
1494 3048 1521 3096 et
1534 3040 1568 3095 ab
1584 3039 1618 3096 iis
1633 3039 1706 3096 illata
1719 3037 1849 3095 Ecclesiis

187 3147 273 3205 quasa
285 3146 361 3188 num.
375 3129 393 3183 d
406 3140 564 3201 supersunt.
590 3128 657 3185 uam
669 3144 760 3201 neque
770 3143 831 3184 cum
844 3125 1027 3208 superiori-0
1044 3136 1113 3192 niara
1128 3137 1208 3192 011510
1222 3135 1396 3206 deprecatur,

187 3223 249 3290 bus,
266 3237 355 3294 neque
377 3221 450 3277 inter
476 3235 506 3278 sc
531 3221 596 3277 satis
606 3219 746 3277 conarere
760 3218 905 3276 ridentur:
921 3232 988 3273 nrrs·

186 3332 266 3388 quarn
289 3318 323 3372 ab
349 3315 412 3370 hinc
435 3315 469 3369 ad
485 3315 676 3386 imperatorem
691 3315 859 3372 conuertitur
881 3311 989 3369 oratio:

187 3405 321 3464 tractandi
337 3413 427 3460 sutem
443 3405 512 3462 ratio
523 3421 646 3478 uraguam
661 3405 821 3463 aldrritatem
837 3405 990 3461 habetcum

187 3501 220 3556 iis
233 3493 294 3571 quse
308 3499 335 3553 in
356 3496 524 3569 Fragmentis
544 3499 665 3554 historice
683 3499 864 3558 Ariminensis
882 3495 991 3555 concilii

187 3591 371 3647 disseruntur.
389 3589 522 3655 Quocirca
541 3607 595 3646 non
618 3591 684 3648 satis
701 3600 803 3650 certam
825 3599 922 3663 prrtant
941 3589 991 3646 Ba·

186 3684 258 3742 nonii
282 3684 446 3753 opinionem,
474 3683 546 3738 hunc
570 3683 668 3740 librum
689 3700 762 3741 armo
777 3684 830 3741 555
858 3684 990 3755 scriptum

185 3784 241 3834 ἰιοιι
256 3776 366 3833 aliunde
387 3775 538 3846 probantis,
555 3792 636 3848 quum
651 3779 723 3850 qnod
737 3780 857 3837 Hilarius
869 3795 944 3835 nrrm.
961 3778 989 3845 8,

187 3870 222 3929 de
235 3870 345 3927 Eusebii
360 3866 543 3926 vercellensis
553 3869 650 3927 exsilio
660 3869 812 3939 locuturus,
827 3887 884 3928 rem
903 3885 991 3926 recens

186 3974 291 4037 gestam
319 3961 429 4034 aggredi
454 3977 485 4019 se
507 3963 646 4034 praedicet.
672 3964 727 4023 Sed
751 3975 780 4021 ct
801 3965 828 4021 ci
851 3969 992 4036 opponunt

188 4053 344 4129 Fragmeuti
358 4069 378 4121 ι,
395 4070 471 4112 nutu.
482 4055 510 4121 ii,
531 4055 623 4119 verbo,
640 4057 685 4111 nbi
703 4056 807 4131 Synodi
824 4057 991 4114 Arelatensis

186 4157 247 4205 acta
261 4162 310 4203 sex
325 4154 463 4217 septemve
485 4157 546 4218 post
566 4149 645 4204 annis
670 4163 843 4219 narraturus,
856 4166 887 4207 ea
900 4159 990 4207 tamen

187 4239 394 4318 dicatlprocime
415 4249 502 4309 gesta.

222 4331 374 4399 docendo
385 4332 496 4403 scriptus
506 4332 695 4389 rit-ltecens
705 4350 758 4390 nou
768 4334 902 4391 estlibelli
912 4334 991 4405 hujus

188 4424 277 4497 plaga,
293 4440 373 4495 quam
388 4441 476 4495 ncuuc
490 4442 524 4483 ex
538 4427 633 4483 codice
647 4428 677 4482 S.
693 4428 768 4484 Petri
790 4431 825 4485 de
849 4428 921 4486 Urbe
940 4444 991 4486 sac·

1082 3230 1136 3285 tlt.
1158 3228 1212 3286 Cur
1230 3230 1329 3300 primus
1350 3227 1463 3283 dicotur.
1479 3212 1577 3281 Hidorr'r'
1599 3224 1631 3279 de
1648 3222 1710 3295 fidei
1731 3220 1849 3278 libertate

1043 3323 1179 3379 marculio.
1192 3351 1229 3362 -
1242 3321 1423 3394 Hieronymus
1436 3318 1519 3376 libelli
1533 3317 1612 3388 liujus
1627 3332 1680 3373 uon
1696 3316 1840 3372 meminitr

1043 3416 1089 3488 qrri
1103 3416 1203 3485 primur
1230 3414 1399 3481 inscribitur,
1414 3428 1468 3468 non
1487 3410 1559 3484 quiid
1571 3424 1634 3467 curn
1649 3406 1845 3466 secundocon-

1044 3526 1145 3579 nexus,
1163 3508 1211 3564 sed
1226 3508 1297 3580 quod
1308 3508 1383 3579 prior
1394 3507 1493 3564 editus.
1507 3505 1585 3561 illum
1598 3495 1721 3576 epistolas
1735 3503 1848 3559 nomine

1044 3603 1161 3659 libenter
1170 3602 1353 3668 donaremus,
1366 3600 1389 3656 si
1402 3616 1463 3657 cum
1478 3599 1639 3655 auctoritate
1650 3597 1754 3653 liceret.
1767 3594 1848 3665 Quod

1043 3706 1133 3752 autem
1146 3697 1172 3752 in
1187 3711 1220 3751 co
1233 3694 1359 3753 edisserit
1372 3690 1588 3764 sapientissimus
1600 3691 1703 3747 l'rmsul
1714 3690 1746 3744 ad
1761 3689 1845 3745 libcr-

1045 3798 1126 3844 tatem
1149 3787 1213 3842 fidei
1228 3784 1490 3850 commendandam,
1511 3798 1564 3838 nen
1583 3783 1620 3838 ita
1637 3781 1848 3853 intelligendum

1043 3893 1096 3953 cst,
1119 3895 1148 3938 ut
1169 3882 1312 3937 haereticos
1332 3878 1366 3936 ad
1387 3877 1564 3951 prolltcndam
1586 3876 1668 3932 tidem
1685 3886 1778 3931 reram
1795 3889 1848 3931 co·

1043 3992 1108 4049 gere
1123 3973 1359 4046 uurnanmliccre
1372 3970 1544 4029 existimarit.
1559 3966 1627 4025 Nam
1644 3967 1692 4024 tib.
1709 3966 1743 4023 dc
1757 3965 1848 4039 Syno-

1044 4070 1086 4127 dis
1096 4068 1251 4127 Orierrtales
1265 4067 1366 4135 iaudat,
1380 4065 1471 4137 quibus
1483 4063 1596 4132 ruderit,
1611 4072 1668 4135 post
1679 4060 1848 4135 thomasie

1044 4166 1213 4230 uoluntatem,
1226 4172 1322 4217 cooctoe
1334 4164 1425 4218 saltent
1438 4160 1500 4232 fidei
1514 4158 1690 4228 subscriptio:
1705 4172 1765 4228 qua}
1779 4156 1847 4212 licet

1045 4257 1071 4312 in
1090 4258 1182 4312 struitis
1192 4264 1317 4326 suspecta
1334 4253 1384 4327 ipsi
1399 4253 1498 4310 nterito
1509 4251 1641 4319 videatur,
1654 4248 1846 4322 gratulandum

1045 4357 1134 4405 tamen
1148 4358 1233 4420 putat,
1246 4349 1341 4403 saltent
1352 4348 1462 4418 aliquem
1472 4361 1505 4401 cc
1513 4343 1554 4400 tria
1563 4346 1661 4417 suscipi
1672 4343 1845 4418 penitentem.

1044 4441 1098 4498 Sed
1114 4441 1252 4496 dissuadet
1265 4440 1414 4506 licentiam,
1427 4454 1479 4509 qua
1495 4437 1614 4494 lraeretici
1630 4435 1785 4493 catholicos
1799 4448 1849 4490 co-

188 4519 354 4591 coloquium
369 4519 480 4576 incunte
492 4530 603 4577 exarato
618 4523 751 4579 resarcire
777 4524 861 4580 licuit.
878 4527 912 4579 ht
927 4540 987 4580 cunr
1003 4552 1030 4613 D
1044 4544 1120 4609 gunt,
1131 4542 1161 4589 ur
1172 4534 1245 4589 auita
1257 4530 1623 4604 euapusrulleafldedeserra,
1635 4541 1785 4586 emurueute
1796 4543 1850 4585 un·

188 4609 217 4668 iu
231 4612 391 4667 uetusto'itlu
406 4612 553 4682 escnrplari
568 4626 622 4668 raon
632 4613 719 4670 sotum
734 4615 761 4670 in
776 4615 867 4672 fronte
879 4624 987 4674 exstets

186 4702 286 4775 dissipit
299 4703 415 4775 ejusdem
429 4703 462 4757 od
473 4701 669 4773 consumtum
681 4707 728 4762 scd
741 4717 769 4764 et
783 4709 818 4764 ad
829 4708 930 4765 culeeur
943 4709 991 4765 ad·

188 4796 324 4852 scribatur
341 4812 347 4847 :
365 4795 481 4866 Explicit
495 4794 576 4852 libert
591 4798 623 4853 S.
638 4797 735 4855 Hilarii
748 4801 785 4855 od
799 4800 985 4857 Courmutt'ttm.

184 4886 280 4957 Incipit
295 4886 314 4941 i.
328 4902 345 4942 tt
361 4888 474 4957 ejusdem
487 4889 520 4942 od
534 4890 666 4958 runtdcm,
680 4910 754 4963 quem
767 4905 791 4949 et
807 4895 989 4949 Constantino·

185 4981 238 5052 poli
248 4981 304 5051 ipsc
314 4979 419 5035 tradidit
433 4998 443 5036 :
455 4997 508 5036 non
520 4983 625 5040 uidetur
637 4985 714 5042 tacite
734 4986 865 5054 dandum,
882 4987 991 5043 atiuudc

184 5072 330 5144 qtridunam
348 5072 474 5128 adsutum
492 5090 564 5130 esse·
589 5074 671 5133 Certe
685 5070 866 5153 533-534
878 5086 992 5150 utraque

183 5162 991 5242 parscasdemdedetcslamitates,cadcmrationoperstrin·

180 5258 221 5329 git
236 5256 397 5313 brianorum
413 5255 582 5316 violentiam.
598 5258 634 5317 Et
655 5270 780 5318 neutram
798 5262 907 5337 quidem
927 5271 991 5321 ante

181 5363 282 5410 aunum
296 5348 349 5409 555
362 5347 491 5424 scriptam
505 5367 566 5412 esse
578 5352 662 5426 liquet
672 5373 678 5411 :
687 5367 927 5429 nonpustremam,
937 5370 988 5430 qua

1044 4642 1093 4702 pcr
1104 4629 1212 4686 inuenta
1227 4629 1433 4700 amplectantur.
1449 4626 1550 4701 Copton
1560 4643 1660 4696 rrerrrpc.
1670 4623 1756 4693 iuquit
1766 4637 1845 4678 num.

1043 4725 1070 4795 d,
1080 4724 1403 4781 uonutChrt'str'mriorrrnes
1411 4722 1472 4785 siut,
1482 4722 1558 4775 redut
1566 4720 1666 4774 dmoni.
1676 4718 1848 4787 Quamquam

1043 4809 1847 4889 omscopatemconsideratissimum,quemodclerueuttmn

1043 4925 1271 4982 semperprouum
1279 4925 1349 4972 esse,
1359 4918 1520 4963 acueramet
1528 4906 1677 4961 nonsrctam
1685 4902 1847 4975 populorum

1045 5005 1126 5061 tidem
1140 5018 1263 5075 qtraercre
1280 5001 1396 5066 dcceut;
1414 5001 1464 5070 ipsi
1480 4997 1768 5054 convenientissimum
1784 5008 1849 5050 esse

1045 5095 1189 5168 praedicat,
1211 5104 1240 5150 ut
1260 5109 1294 5150 nc
1309 5092 1342 5149 ad
1356 5106 1448 5148 ueram
1467 5092 1576 5162 uiridem
1590 5088 1670 5146 iidem
1681 5130 1688 5155 ,
1701 5089 1755 5144 uim
1770 5102 1848 5158 eum,

1044 5204 1125 5262 quarn
1136 5187 1229 5244 hriaui
1241 5200 1289 5258 per
1299 5186 1372 5243 veria
1382 5193 1516 5243 tormenta
1527 5182 1670 5241 catholicis
1680 5180 1848 5253 inierebsnt,

1044 5282 1168 5340 adhiberi
1181 5282 1307 5355 patiatur.
