3884 6136
136 256 190 312 d‘l‘l

735 242 857 310 sabell
874 248 1001 308 uitauit
1023 249 1175 309 urtscttrt

1740 244 1793 299 'dub

137 377 235 432 saepta
253 384 279 431 et
295 391 348 430 nou
364 374 395 445 tt.
410 371 458 429 sed
485 371 551 440 uon)
564 378 627 426 aute
645 383 727 426 omne
742 372 854 427 omnino
869 378 936 427 tem·
950 370 977 431 A
990 369 1113 425 baeresim
1129 370 1255 424 arianam
1269 367 1303 440 (ῃ
1316 377 1381 424 tune
1393 365 1496 438 positus
1519 363 1665 429 invenitur,
1692 369 1722 418 ut
1733 361 1791 417 lta·

138 484 200 542 pus,
224 480 254 525 ιιι
276 469 301 526 ei
327 480 431 539 tempus
454 465 589 537 adsignet,
614 466 760 522 anathema
779 466 825 522 sit.
838 465 867 522 Si
880 466 940 536 quis

139 573 230 620 creata
244 563 337 619 omnia
352 575 405 616 non
427 558 617 631 perverbum,
633 558 680 616 sed
696 558 755 615 siue
774 573 807 614 eo
820 559 864 616 rel
878 566 941 615 ante

139 672 201 713 eum
216 656 284 711 laeta
300 653 408 718 dixerit,
430 655 572 710 anathema
594 656 637 709 sit.
653 655 681 710 Si
701 654 746 723 qni
761 652 794 727 (s.
810 654 880 724 qua)
894 668 941 709 au·

139 759 194 805 tem
221 749 281 804 alirn
307 747 481 815 blas-phenatae
506 746 563 804 ant
587 747 629 802 vel
656 746 800 818 cuiuslibet
826 754 941 816 repertas

141 842 251 907 tuerint,
266 843 394 897 sinriliter
416 840 687 896 anathematizamus.

206 981 288 1054 m
310 977 549 1036 ruacttnnruu
573 977 630 1033 tun
645 972 874 1050 (dlt'mnportt's).

140 1099 279 1165 Ssorurua
295 1113 421 1152 rrrsrota
438 1096 475 1168 (u)
490 1110 659 1152 aarutnsnsts
678 1110 792 1151 concurr
820 1109 854 1148 tn
878 1106 943 1147 oon-

178 1209 311 1250 srrurrurr
337 1208 540 1256 tnesaurum,
557 1190 596 1261 tt)
610 1206 652 1245 rut
676 1203 793 1244 nerscorr
807 1201 943 1242 rostrant-

176 1303 237 1342 cart
253 1301 320 1342 soar
334 1303 350 1340 a
367 1301 426 1339 rma
443 1300 511 1338 rnna
524 1283 636 1354 (scripta
649 1298 693 1337 an.
704 1280 780 1352 559).

143 1400 306 1456 Beatissimo
331 1407 359 1453 et
384 1395 581 1468 gloriosissimo
609 1398 731 1466 tltrpusto
759 1393 941 1461 Constantio,

376 1490 497 1564 synodus
520 1490 708 1545 alrituinensis.

183 1587 207 1640 l.
221 1585 389 1640 :trituramus
408 1583 522 1654 synodus
548 1583 586 1637 nt'l
612 1582 785 1637 introeundum
806 1582 944 1636 statuit.—

143 1681 258 1736 lubente
275 1679 311 1752 (c)
334 1678 388 1735 [ico
403 1694 435 1734 et
465 1686 599 1747 praecepto
614 1675 720 1746 pietatis
735 1685 787 1730 tum
806 1674 943 1732 credimus

992 476 1068 519 reses
1083 462 1145 518 inde
1170 463 1224 517 sint
1237 470 1398 532 expugnatas
1413 475 1420 513 r
1434 472 1449 513 a
1464 472 1519 529 quo
1534 455 1558 512 si
1579 454 1681 527 aliquid
1696 454 1790 528 demp-

992 565 1048 612 tum
1065 557 1154 623 tuerit,
1166 556 1279 613 venenis
1296 555 1487 611 baereticorum
1511 551 1601 607 aditus
1615 549 1753 620 panditur.

1026 648 1142 722 6882.
1157 646 1532 703 Norondistudiomsdantum.
1544 672 1580 685 -
1590 640 1791 698 ldeoUrsaoius

992 753 1020 800 et
1036 744 1135 797 Valens
1154 743 1180 798 itt
1195 743 1375 813 suspicionem
1394 738 1516 810 ejusdem
1530 737 1667 792 baereseos
1682 734 1791 793 briano

992 845 1126 890 verterunt
1137 835 1291 906 aliquando,
1301 833 1457 902 etsuspensi
1468 839 1545 886 eraut
1553 846 1566 882 a
1574 828 1768 885 communione
1781 843 1790 883 a

992 938 1019 980 ot
1034 936 1198 997 rogaremur
1209 926 1326 990 vertiam,
1336 926 1406 979 sicut
1416 939 1508 980 eorum
1523 922 1665 978 continent
1679 920 1790 990 scripta,

994 1035 1074 1089 quatu
1102 1027 1258 1074 proruerunt
1284 1026 1347 1072 tuuc
1374 1017 1532 1087 temporisa
1549 1015 1666 1070 concilio
1681 1012 1721 1085 (q)
1739 1012 1792 1068 lle·

993 1111 1143 1168 diolaucusl
1168 1111 1354 1167 assistentibus
1379 1109 1459 1164 etiam
1486 1109 1581 1179 legatis
1603 1108 1732 1161 llunrattae
1748 1120 1792 1161 eo-

994 1207 1094 1260 ctesiae.
1109 1206 1149 1277 (ιι)
1160 1202 1337 1259 normanno
1351 1210 1483 1274 presente
1499 1203 1524 1256 in
1541 1201 1601 1264 boe,
1618 1216 1680 1256 curn
1696 1216 1793 1270 niagno

994 1299 1118 1354 examino
1131 1298 1226 1353 luisset
1237 1299 1430 1367 conscriptum,
1445 1295 1515 1367 quod
1527 1304 1622 1351 tenens
1635 1294 1787 1365 baptisatus

993 1393 1026 1448 ad
1041 1392 1157 1464 quietern
1188 1393 1231 1447 Dei
1256 1391 1463 1461 cornutiqrarit;
1488 1386 1563 1444 nolas
1577 1397 1703 1459 putamus
1727 1386 1789 1443 iudo

993 1485 1094 1554 aliquid
1108 1483 1139 1556 (i)
1156 1485 1297 1551 mutilare,
1314 1492 1342 1540 et
1358 1493 1397 1538 tot
1410 1491 1518 1537 sanctos
1542 1490 1569 1536 et
1584 1479 1794 1536 contessoraset

995 1598 1167 1640 successores
1193 1589 1340 1654 tnartprurn
1358 1581 1444 1652 ipsius
1468 1588 1598 1635 tractatus
1620 1576 1795 1647 conscripto·

995 1691 1039 1732 res
1055 1677 1080 1729 iu
1101 1674 1191 1744 atiquo
1206 1690 1366 1737 renturerct
1382 1674 1417 1747 (ι’)
1441 1687 1501 1726 corn
1523 1679 1550 1726 et
1577 1670 1626 1740 ipsi
1645 1668 1792 1739 praeterito·

143 1773 227 1829 brisso
241 1772 414 1841 dispositum,
427 1780 456 1825 ut
475 1770 507 1825 ad
533 1769 744 1826 Ariminen-inm
758 1770 844 1825 locum
857 1785 890 1825 ex
903 1768 944 1825 di·
958 1762 982 1824 B
996 1784 1055 1826 runt
1082 1769 1275 1825 catholicorum
1291 1768 1440 1824 secundum
1455 1766 1603 1837 scripturas
1613 1773 1725 1820 cunctas
1738 1778 1793 1820 set·-

143 1867 230 1922 tersis
246 1864 392 1937 prurinciis
414 1862 627 1919 Occidentalittm
641 1861 761 1932 episcopi
777 1862 942 1926 veniremus,

144 1966 172 2012 ιιι
188 1956 254 2011 dtles
268 1956 431 2012 claresceret
454 1953 581 2011 omnibus
608 1950 737 2009 Ecclesiis
751 1951 903 2016 catholicis,
916 1961 944 2018 et

146 2049 266 2106 baeretici
281 2058 471 2104 noscerentur.
482 2048 548 2101 trum
560 2045 631 2102 enim
646 2060 741 2110 earnes
756 2045 801 2115 qui
815 2052 888 2101 reete
900 2060 944 2099 sa-

144 2143 245 2213 pimus,
261 2148 503 2201 contractaremus,
520 2137 618 2206 placuit
633 2135 741 2206 quidem
772 2145 800 2191 ut
814 2135 893 2191 fldem
909 2136 944 2192 ab

146 2232 306 2304 antiquitate
321 2241 569 2302 perseverantem,
590 2244 669 2300 quam
698 2244 746 2300 per
784 2230 941 2300 propbetas,

143 2324 283 2397 evangelia
310 2334 337 2380 et
351 2328 500 2392 apostolos,
529 2338 576 2394 per
600 2322 687 2392 ipsum
709 2321 792 2378 lteurn
807 2331 834 2378 et
850 2323 942 2378 Domi·

146 2434 209 2474 nutu
225 2426 347 2473 nostrum
373 2418 466 2473 lesum
492 2417 626 2472 Cirristttnr
649 2415 812 2473 salvatorem
837 2416 944 2488 imperil

144 2511 184 2566 ιιιί
199 2518 227 2569 ιι
241 2511 396 2582 largitorem
421 2511 515 2567 salutis
532 2521 582 2565 tuae
598 2509 647 2581 (dl,
661 2526 740 2582 quarn
756 2527 865 2582 semper
875 2511 945 2567 obti-

143 2605 261 2670 nuimus,
279 2613 429 2660 teneamus.
445 2603 524 2659 Nelos
549 2605 621 2659 enim
644 2604 770 2660 duximus
783 2603 819 2677 (e)
836 2615 945 2661 sancto·

144 2714 203 2753 rum
217 2699 317 2769 aliquid
342 2699 476 2764 mutilare,
490 2708 517 2754 et
540 2713 634 2753 eurum
651 2696 697 2767 qut
720 2697 748 2753 in
772 2698 947 2754 Nicrenotra·

145 2790 408 2846 ctatueonsedoraut
423 2805 476 2844 uua
498 2805 558 2845 cum
573 2789 699 2861 gloriosas
717 2790 855 2847 memoriae
874 2790 946 2848 Cun-

146 2883 266 2939 stanttno
278 2892 354 2950 patre
365 2884 473 2952 pietatis
482 2892 544 2939 tua.
553 2883 604 2952 Qui
617 2892 747 2939 tractatus
759 2883 946 2942 manifestatus

146 2983 197 3044 est,
214 2985 241 3032 et
268 2975 420 3033 insinuatus
440 2978 577 3034 mentibus
602 2978 774 3051 populorum,
802 2989 830 3036 et
851 2989 945 3036 contra

994 1873 1149 1929 raserunt,
1174 1861 1361 1932 mansisseque
1392 1862 1417 1915 iu
1444 1860 1502 1914 ltree
1527 1870 1669 1930 tempora,
1697 1858 1792 1928 quibus

995 1958 1081 2027 pietas
1097 1965 1139 2011 tua
1155 1956 1238 2011 alteo
1263 1965 1338 2024 patre
1365 1969 1413 2025 per
1429 1953 1512 2009 Deum
1529 1961 1557 2007 ot
1583 1952 1729 2007 borninmu
1750 1966 1793 2007 no·

994 2049 1180 2106 strrouesurn
1193 2047 1330 2104 Cirristtuu
1356 2046 1469 2121 (supple,
1490 2044 1664 2118 potestatem)
1682 2045 1788 2117 rependi

997 2144 1073 2201 orbis
1086 2144 1199 2214 :recepit
1213 2142 1250 2215 (ι)
1262 2140 1337 2197 lunc
1352 2141 1431 2197 etiarn
1445 2139 1613 2196 conabantur
1622 2138 1786 2207 conr-attera,

997 2238 1068 2309 quod
1083 2237 1170 2294 iuerat
1197 2236 1314 2307 pesitum
1336 2235 1451 2291 ratione.
1475 2235 1581 2291 Etenim
1605 2249 1667 2289 enm
1686 2233 1792 2305 pietatis

996 2340 1048 2387 tuac
1062 2330 1160 2386 litterae
1170 2331 1310 2399 jusserunt
1322 2328 1430 2383 tractari
1445 2325 1734 2390 contestarentur
1749 2340 1793 2381 ao·

997 2422 1039 2478 tris
1052 2439 1066 2477 a
1081 2422 1244 2492 supradictis
1258 2419 1443 2475 {turbatoribus
1458 2418 1652 2484 Ecclesiarutn‚
1663 2417 1795 2474 associato

997 2516 1136 2573 Getnu'tnio
1150 2522 1177 2568 ιι
1197 2513 1265 2570 Gaio
1278 2512 1330 2582 (ι).
1362 2527 1459 2567 nortun
1477 2510 1568 2566 nescio
1583 2509 1647 2580 quid
1673 2510 1795 2565 couside-

998 2607 1121 2674 randum,
1134 2605 1204 2678 qnod
1220 2605 1303 2662 multa
1329 2617 1463 2675 perversa
1473 2602 1604 2657 dtrctrinae
1616 2602 1771 2657 continebat
1783 2615 1790 2665 ;

998 2704 1066 2760 adeo
1079 2719 1139 2759 curu
1155 2702 1193 2775 (at
1205 2718 1269 2757 reru
1280 2699 1354 2771 euru)
1370 2699 1505 2754 rideretur
1516 2695 1661 2766 displicere
1673 2695 1746 2765 quud
1757 2694 1794 2749 ot·

1000 2798 1121 2854 lerelraut
1138 2796 1243 2866 publico
1259 2795 1285 2849 in
1300 2792 1427 2856 curreilio,
1452 2798 1614 2860 putaverunt
1635 2788 1715 2844 aliter
1737 2800 1795 2844 csso

999 2889 1235 2946 conscribendum.
1250 2886 1382 2958 Equidem
1411 2883 1468 2938 baec
1493 2881 1568 2937 lueri
1585 2891 1711 2949 tempore
1728 2893 1797 2950 sape

1001 2990 1131 3045 mutasse,
1146 2979 1319 3035 nrartilestum
1332 2986 1383 3033 est.
1394 2976 1424 3031 Et
1439 2991 1473 3032 ne
1487 2974 1617 3030 Ecclesia
1631 2970 1797 3044 frequentius

184 3157 222 3231 (a)
237 3157 298 3214 ttae
314 3158 438 3226 epistola,
455 3164 523 3212 teste
538 3157 661 3224 Socrate,
678 3158 724 3214 lib.
737 3174 766 3221 u,
780 3173 804 3214 c.
820 3159 867 3223 dl,
884 3158 979 3230 pustC
1033 3161 1073 3232 (ιι)
1095 3160 1181 3217 Verba
1202 3162 1351 3233 sequentia,
1377 3175 1462 3231 usqne
1476 3159 1580 3231 reqeadi
1603 3159 1672 3213 orbis
1689 3158 1795 3224 occepit,

147 3230 336 3296 Athanasium,
349 3230 395 3284 lib.
414 3229 448 3284 de
470 3230 585 3302 synod,
612 3246 638 3298 p.
656 3230 719 3291 ott,
736 3230 817 3284 latine
829 3231 943 3300 primum

149 3302 261 3371 scripta,
274 3303 299 3355 iu
314 3315 431 3373 graecum
457 3316 609 3355 sennonem
634 3300 761 3357 translata
777 3311 828 3357 est.
852 3303 946 3358 Exstat

150 3388 202 3426 uun
227 3372 314 3426 solunt
337 3372 407 3440 apud
432 3372 608 3427 Athanasium
634 3384 658 3429 et
681 3372 832 3438 sacrament,
856 3372 904 3428 sed
918 3382 946 3429 et

149 3443 219 3510 apud
247 3442 439 3507 Sozotneuuut,
456 3442 500 3498 lib.
520 3458 556 3507 rr,
570 3459 595 3498 c.
615 3443 657 3509 l8,
678 3452 704 3497 ct
733 3445 802 3513 apud
817 3443 945 3501 Tbeudo-

149 3523 246 3579 return,
264 3513 311 3569 lib,
327 3530 345 3569 tt
370 3516 436 3570 ttrst.
461 3515 548 3580 Eccl,
562 3533 585 3570 ι.
598 3515 640 3580 li,
659 3530 720 3571 cum
748 3516 844 3587 insigni
859 3518 945 3572 rarre-

151 3595 205 3641 tate
221 3604 227 3638 :
242 3588 312 3653 ‹prort
335 3590 430 3657 graneis
455 3587 645 3656 interpretibus
670 3588 791 3642 sciemus
806 3603 867 3643 esse
883 3603 945 3658 pru-

150 3657 195 3711 bat
209 3657 333 3713 Valesius
344 3660 369 3712 iu
387 3657 520 3713 laudatum
533 3658 651 3714 Socratis
663 3658 763 3713 locutu.

186 3727 224 3800 (ι)
238 3728 264 3782 ld
289 3740 345 3794 est,
366 3730 437 3798 apud
452 3744 532 3799 quern
548 3745 608 3784 runt
624 3729 722 3784 ιιιιιιιιιιΙ
737 3728 839 3785 detenti
855 3740 945 3785 essent

150 3801 281 3869 episcopi,
296 3815 343 3871 per
366 3815 434 3870 quus
460 3801 542 3856 missa
566 3811 607 3855 est
635 3801 692 3856 bate
707 3802 832 3871 epistola,
863 3801 947 3858 adde

150 3886 214 3925 verat
230 3874 395 3939 praevaricati
408 3883 479 3926 stutt.

193 3946 230 4011 (c)
242 3944 316 4001 Alias
330 3960 362 3998 cx
377 3960 427 3999 rus.
442 3943 512 3997 l'itlt.
535 3944 633 3999 radente
649 3942 713 3997 Deo.
728 3943 796 4000 Cum
820 3959 871 4000 ms
888 3943 947 4000 su-

151 4012 253 4077 mundi,
269 4030 358 4138 graeco
383 4015 531 4084 interprete
551 4017 747 4080 consentiente,
762 4018 846 4085 magis
861 4016 949 4085 placet

148 4086 256 4155 jubente
291 4102 320 4142 eo
330 4103 339 4140 .·
348 4087 420 4156 quod
433 4088 595 4158 projaumtre
607 4085 661 4141 Deo
675 4090 804 4156 seriptum
816 4101 877 4142 esse
890 4088 950 4156 quis

153 4172 215 4210 cnm
238 4156 346 4213 Valerio
372 4157 551 4225 suspicetur?
573 4159 653 4215 llerte
680 4156 814 4226 epicurus
835 4158 889 4214 troc
909 4159 950 4213 di·

152 4240 233 4294 gnum
249 4241 316 4292 erat,
334 4239 362 4283 ut
388 4229 580 4294 imperatorem
606 4229 870 4285 commonefacerent
902 4245 949 4285 su·

154 4313 253 4366 prenae
282 4299 328 4352 ttei
356 4301 533 4363 atteroritatis,
549 4301 591 4354 cui
616 4312 670 4355 tatu
695 4300 740 4355 ille
761 4316 841 4371 quatu
856 4315 951 4358 ornnes

154 4382 249 4438 parere
264 4378 431 4424 terr-rentur.

190 4439 231 4508 (ιι)
248 4441 285 4495 Ex
311 4439 471 4510 Fragurerrto
482 4441 632 4509 superiore,
648 4457 675 4495 ιι.
691 4442 718 4508 5,
735 4441 780 4496 nbi
792 4442 886 4497 eadem
899 4442 952 4498 alio

153 4510 297 4567 vertunum
312 4510 408 4566 urdine
426 4511 604 4580 explicantur,
623 4511 699 4567 tacite
711 4512 880 4580 suppleveris
893 4530 952 4569 attr-

154 4582 288 4653 cepimus:
303 4583 354 4637 uisi
372 4583 449 4636 utalis
460 4594 603 4657 susceptum
618 4599 716 4658 seraper
727 4580 953 4656 oblitteraturum

152 4670 229 4726 qtront
244 4671 346 4722 seutper
361 4654 526 4709 obtinuimus.

192 4725 228 4797 (a)
240 4724 267 4781 ltl
279 4738 332 4794 est,
343 4726 443 4797 aliquid
452 4741 485 4782 ιι
501 4727 534 4783 iis
546 4726 679 4792 nuttilare,
691 4743 751 4798 quar
763 4727 867 4783 sanoba
877 4736 952 4790 suut.

156 4805 182 4851 ιι
198 4799 345 4867 praesertim
360 4814 420 4869 quac
443 4814 537 4854 eurum
563 4810 636 4861 sunt,
652 4800 697 4869 qui
712 4800 738 4853 iu
759 4798 869 4855 Nicaeno
883 4808 954 4856 trao-

158 4876 225 4933 tatu,
240 4879 305 4934 ιιι,
319 4879 461 4924 tractatum
479 4871 552 4924 illum
567 4869 659 4926 Ariani
681 4872 828 4927 auterendo
841 4870 956 4928 bumon-

155 4941 225 4999 sion.
243 4941 359 4996 mutilari
374 4941 550 5010 peroptabant

191 5030 226 5104 (0
251 5033 399 5101 llalleutur,
411 5035 447 5089 itu
473 5037 580 5099 positus.
598 5035 656 5090 blox
683 5037 747 5093 editi
763 5053 797 5094 ex
811 5054 864 5093 ms.
880 5037 954 5095 Piri.

157 5116 316 5176 eapurqartr.
332 5105 426 5161 Verius
441 5107 522 5162 stent.
533 5124 565 5162 ιι
580 5107 684 5177 llerniq.
701 5120 876 5180 eaprqtuttrc:
892 5127 954 5168 euttt

158 5175 185 5257 Ιἰιι
200 5191 289 5245 graeco
311 5179 413 5248 legatur·
426 5181 606 5257 καθῃρέθησαν.
616 5183 863 5256 ιιοιιικαθὰρθισαι.
878 5183 955 5252 Quod

158 5247 309 5302 illustratur
322 5250 411 5304 rer-tat
422 5249 526 5310 llilarti.
543 5250 648 5321 Fraqnt.
665 5269 693 5316 ιι,
711 5271 737 5306 ιι.
753 5255 799 5318 at,
816 5255 954 5309 Nicruntuu

158 5327 299 5373 tractatum
311 5333 401 5375 corruo
413 5338 500 5375 omnes
511 5323 618 5377 trierem
633 5325 807 5381 inscribeutis
819 5345 827 5382 ι
842 5326 902 5395 quia
915 5328 955 5382 tti-

158 5389 267 5456 run-unt,
280 5391 317 5446 uti
330 5394 356 5446 iu
370 5392 489 5463 ipsorum
502 5392 727 5463 Fragruentonrm
738 5396 815 5451 titulo
826 5398 953 5468 loquitur,

157 5474 190 5583 qu
205 5471 318 5587 tratitatu
341 5465 464 5519 rarr'rrrar
483 5466 592 5522 boereses
619 5482 771 5540 contpressoe
783 5478 854 5523 eraut
880 5481 956 5540 utque

175 5549 251 5586 aranu
262 5549 294 5588 ιτ.

196 5626 235 5699 (qt
259 5632 327 5686 unni
347 5632 411 5696 ato,
427 5641 455 5687 ut
482 5631 540 5688 lose
564 5632 778 5692 demonstratum
804 5642 845 5690 ost
871 5632 955 5707 Freq-

163 5709 257 5753 tneuto
270 5717 299 5768 u,
314 5707 436 5772 qnarrrttis
457 5703 514 5762 trae
533 5704 566 5763 ad
588 5709 730 5769 concilium
745 5707 887 5771 lletlioluu.
909 5719 954 5767 atr·

162 5768 214 5825 547
227 5771 320 5832 reterri
336 5777 451 5834 soleant.

1001 3231 1121 3288 itatenus
1147 3234 1309 3302 trattspusita
1332 3233 1478 3297 existimat,
1499 3240 1525 3285 et
1550 3230 1628 3285 britio
1644 3229 1725 3299 bttjtts
1747 3246 1794 3281 uu·

999 3305 1103 3358 uutneri
1114 3306 1243 3359 anteidea
1261 3304 1396 3371 llrsorirts,
1412 3311 1479 3368 etc,
1493 3301 1686 3373 proponentia.
1703 3300 1793 3357 Graes

999 3385 1087 3430 tarueu
1110 3376 1243 3445 etctnpla,
1258 3376 1307 3430 etsi
1321 3376 1355 3430 ab
1371 3375 1422 3429 boe
1447 3375 1529 3429 latinu
1545 3375 1570 3427 iu
1586 3373 1678 3427 utultis
1692 3372 1794 3427 ‹risere-

997 3449 1098 3516 pautia,
1115 3462 1146 3501 ea
1170 3464 1222 3499 nun
1241 3446 1295 3501 alio
1310 3449 1368 3502 lucu
1387 3446 1524 3502 exbibent.
1539 3444 1605 3513 orna
1622 3458 1688 3499 veto
1703 3458 1793 3506 toret.

999 3517 1166 3572 Catratunriuo
1178 3532 1311 3586 presente,
1323 3527 1401 3573 antea
1416 3533 1476 3572 oum
1485 3515 1702 3587 praecedentibus
1715 3530 1796 3583 eupu-

1000 3590 1060 3643 lat.a
1074 3599 1171 3648 erant.
1200 3591 1260 3645 illas
1276 3590 1352 3644 multi
1366 3589 1405 3643 sic
1418 3588 1617 3647 intellexerunt,
1633 3587 1711 3657 qnasi
1726 3587 1795 3641 Cutt-

1001 3663 1139 3716 stautiuus
1155 3661 1344 3717 Mediolanensi
1357 3658 1471 3715 coneilio
1488 3659 1643 3715 rutertnrsse
1652 3658 1798 3712 diceretur.

998 3733 1074 3799 Quud
1082 3747 1142 3787 cunr
1152 3742 1293 3801 repugnet,
1302 3730 1382 3786 rarus
1393 3731 1528 3786 indulsere
1537 3728 1724 3798 eunlecutrisa
1737 3742 1800 3782 rero

999 3818 1052 3858 nna
1069 3820 1163 3876 purum
1178 3803 1397 3867 abltnrreatilrus,
1410 3813 1438 3857 ut
1453 3802 1546 3856 ridere
1573 3814 1614 3855 est
1637 3801 1709 3868 apud
1723 3799 1800 3856 reo·

999 3876 1072 3930 rituu
1093 3878 1118 3929 itt
1144 3876 1272 3946 singulari
1300 3876 1489 3930 disperatione
1515 3874 1549 3927 ιΙι
1577 3872 1704 3939 Plautino,
1721 3887 1799 3941 quant

1000 3947 1084 4002 labb.
1101 3947 1128 4002 iu
1141 3958 1159 4002 t.
1175 3946 1316 4014 utloueil„
1335 3963 1361 4015 p.
1376 3948 1441 4012 ldd,
1454 3960 1576 4015 magnam
1597 3952 1702 4012 partem
1716 3954 1803 3999 trans·

1000 4020 1072 4073 tulit.
1092 4018 1174 4073 l‘urto
1195 4017 1402 4074 Cutrstantinuru
1415 4015 1566 4073 Currstantii
1585 4023 1688 4084 patrem
1703 4012 1802 4069 dicatu

1003 4100 1130 4144 tractatus
1148 4098 1242 4145 testern
1258 4101 1284 4145 et
1299 4091 1508 4158 approbatorem
1525 4084 1607 4140 luisse
1619 4086 1746 4140 consulto
1765 4085 1803 4140 iu·

1001 4161 1089 4216 euleat
1112 4161 1242 4230 synodus,
1256 4177 1310 4228 tpto
1324 4160 1401 4217 illurn
1415 4161 1512 4229 pudeat
1539 4158 1705 4222 rescindere,
1729 4154 1801 4227 quud

1003 4235 1086 4302 ipsius
1101 4243 1175 4301 pater
1187 4235 1316 4297 sattscrir,
1331 4240 1378 4287 aut
1393 4237 1481 4302 potius
1501 4247 1515 4282 a
1530 4229 1652 4298 patribus
1665 4228 1799 4283 sarmitum

1003 4305 1147 4370 atnepcrit.
1176 4304 1242 4361 lliuc
1260 4302 1392 4359 relellttur
1407 4303 1510 4373 opinio,
1525 4315 1575 4367 qua
1591 4297 1801 4354 Crtrrrtantiunut

1003 4391 1018 4431 a
1033 4375 1167 4444 baptismo
1182 4377 1207 4431 lu
1222 4375 1345 4431 barmim
1368 4376 1472 4446 taparrn
1484 4384 1545 4427 esse
1565 4371 1686 4426 nonutrtll
1698 4374 1806 4439 purant.

1004 4447 1107 4515 Quibus
1123 4465 1174 4503 uon
1200 4450 1288 4503 tniuus
1303 4448 1460 4502 adversatur
1485 4442 1614 4507 llilarius,
1630 4441 1677 4496 lib.
1694 4442 1721 4497 in
1734 4440 1808 4497 Cott-

1004 4526 1098 4579 staut..
1117 4536 1143 4574 u.
1161 4518 1208 4575 st.

1042 4589 1074 4661 (il
1091 4589 1218 4647 bleudnse
1232 4592 1259 4644 in
1273 4589 1364 4658 editis,
1379 4591 1491 4645 stitture
1509 4602 1593 4644 :cunr
1609 4586 1636 4640 in
1653 4597 1720 4639 msa.
1734 4583 1807 4640 atta.

1006 4676 1038 4716 ae
1052 4662 1135 4718 Sirra.
1151 4669 1238 4717 exstet
1248 4664 1376 4716 rarrtilure.

1042 4733 1050 4796 t
1058 4734 1077 4805 ι’)
1095 4734 1132 4789 Ει
1144 4750 1230 4803 graeca
1245 4733 1378 4795 tersione.
1392 4735 1413 4790 al
1426 4755 1493 4796 τινες
1506 4733 1574 4787 κατὰ
1586 4730 1629 4786 τὸν
1642 4729 1753 4784 παλαιὸν
1761 4735 1810 4791 mis

1007 4808 1139 4870 καθολικῆς
1152 4808 1397 4879 ἐκνλησίαςθισμὸν.
1423 4806 1526 4861 ἅπαντα
1546 4809 1699 4881 φρονοῦντες
1718 4798 1811 4871 διαμι-

1029 4881 1154 4936 ενήκασιν·
1168 4875 1202 4933 ὧν
1221 4878 1311 4941 ὁΘιὸς
1328 4884 1373 4939 τήν
1397 4882 1496 4938 πίστιν,
1511 4882 1563 4929 ιιι.
1592 4874 1639 4929 ste
1655 4881 1831 4940 restaurare

1008 4901 1070 5004 beet
1090 4951 1160 5003 bunc
1179 4951 1275 5009 lacurn.
1291 4967 1348 5004 curu
1359 4961 1381 5003 at
1396 4950 1446 5022 ipsi
1470 4947 1655 5015 preteritorum
1673 4941 1812 4997 corbolien

1007 5021 1119 5075 ecelesiae
1134 5018 1297 5093 Scriptorum
1320 5031 1411 5075 crrnrto
1432 5019 1586 5073 surnoerint
1600 5028 1729 5083 :qtrorrurt
1743 5011 1811 5081 fides

1008 5095 1099 5146 atouar't
1108 5096 1219 5162 usquein
1229 5096 1413 5162 bactuuportr,
1425 5101 1479 5147 otc.
1487 5090 1614 5144 Nieacuus
1622 5087 1717 5141 Patres
1726 5083 1815 5154 ntaju-

1008 5179 1065 5217 ruat
1080 5180 1188 5219 strarant
1205 5165 1266 5218 tuat
1278 5164 1425 5220 adbasisse
1445 5163 1527 5234 liquet
1538 5176 1572 5215 ex
1587 5160 1645 5229 ipso
1658 5159 1742 5212 etiam
1753 5154 1811 5211 litt-

1007 5236 1093 5299 sebiu,
1107 5236 1154 5290 lib.
1167 5252 1181 5289 t·
1196 5236 1276 5300 trist..
1287 5250 1311 5291 c.
1324 5236 1370 5292 28.
1393 5274 1395 5279 -

1047 5328 1085 5402 (l)
1099 5328 1221 5383 lr'alrsius
1231 5345 1261 5384 es
1277 5344 1366 5399 graeco
1379 5341 1504 5382 scruroue
1522 5325 1566 5380 bic
1579 5319 1741 5403 suppleuit:
1758 5314 1815 5371 l'o·

1008 5417 1065 5457 runt
1090 5401 1175 5455 parnt
1190 5401 1304 5455 botuines
1322 5412 1345 5455 et
1371 5399 1469 5468 infelici
1489 5413 1565 5453 seurrt
1588 5392 1691 5464 praedrtt
1716 5401 1815 5444 rim

1009 5489 1073 5529 auru
1087 5473 1220 5527 tertterorio
1237 5489 1264 5526 te
1282 5488 1413 5545 praecones
1428 5471 1513 5540 impiae
1527 5465 1652 5522 doctrinar
1675 5464 1816 5516 reautttttr·

1009 5556 1079 5604 ruat.
1093 5555 1115 5599 er
1127 5562 1195 5599 rrttrtc
1208 5545 1295 5610 eriora,
1308 5551 1360 5599 etc.

1051 5639 1086 5710 (lt
1106 5638 1134 5692 ln
1159 5640 1254 5709 grincis
1269 5640 1399 5711 exempti<
1413 5638 1456 5693 bis
1469 5634 1629 5692 nominatim
1652 5626 1816 5700 adjungitur

1013 5710 1163 5768 buxentiur
1179 5728 1184 5765 :
1200 5714 1278 5779 cujus
1291 5728 1379 5785 neque
1394 5710 1515 5765 meminit
1534 5707 1620 5782 ipsius
1629 5699 1729 5777 synodi
1748 5710 1819 5754 sen·

1018 5784 1102 5842 tonde
1121 5785 1261 5860 superiore
1273 5782 1448 5860 Fragmenta,
1460 5796 1534 5843 num.
1549 5781 1579 5854 l,
1590 5776 1741 5849 deroripta.
