<?xml version="1.0" encoding="UTF-8"?>
<!DOCTYPE html PUBLIC "-//W3C//DTD XHTML 1.0 Transitional//EN"
    "http://www.w3.org/TR/xhtml1/DTD/xhtml1-transitional.dtd">
<html xmlns="http://www.w3.org/1999/xhtml" xml:lang="en" lang="en">
 <head>
  <title>
</title>
<meta http-equiv="Content-Type" content="text/html;charset=utf-8" />
  <meta name='ocr-system' content='tesseract 3.04.00' />
  <meta name='ocr-capabilities' content='ocr_page ocr_carea ocr_par ocr_line ocrx_word'/>
</head>
<body>
  <div class='ocr_page' id='page_1' title='image "./patrologiaecurs111unkngoog/patrologiaecurs111unkngoog_0096.png"; bbox 0 0 3884 6136; ppageno 0'>
   <div class='ocr_carea' id='block_1_1' title="bbox 134 251 189 312">
    <p class='ocr_par' dir='ltr' id='par_1_1' title="bbox 134 251 189 312">
     <span class='ocr_line' id='line_1_1' title="bbox 134 251 189 312; baseline -0.073 1"><span class='ocrx_word' id='word_1_1' title='bbox 134 251 189 312; x_wconf 80' lang='lat' dir='ltr'>tut</span> 
     </span>
    </p>
   </div>
   <div class='ocr_carea' id='block_1_2' title="bbox 750 245 1185 309">
    <p class='ocr_par' dir='ltr' id='par_1_2' title="bbox 750 245 1185 309">
     <span class='ocr_line' id='line_1_2' title="bbox 750 245 1185 309; baseline 0.005 -3"><span class='ocrx_word' id='word_1_2' title='bbox 750 245 795 306; x_wconf 80' lang='lat' dir='ltr'>DE</span> <span class='ocrx_word' id='word_1_3' title='bbox 810 246 995 306; x_wconf 78' lang='lat' dir='ltr'>&#39;llillile&#39;l&#39;li</span> <span class='ocrx_word' id='word_1_4' title='bbox 1017 245 1120 308; x_wconf 74' lang='lat' dir='ltr'>hinnu</span> <span class='ocrx_word' id='word_1_5' title='bbox 1140 253 1185 309; x_wconf 85' lang='lat' dir='ltr'>vt.</span> 
     </span>
    </p>
   </div>
   <div class='ocr_carea' id='block_1_3' title="bbox 1748 262 1800 320">
    <p class='ocr_par' dir='ltr' id='par_1_3' title="bbox 1748 262 1800 320">
     <span class='ocr_line' id='line_1_3' title="bbox 1748 262 1800 320; baseline 0 -1"><span class='ocrx_word' id='word_1_6' title='bbox 1748 262 1800 320; x_wconf 72' lang='lat' dir='ltr'>tte</span> 
     </span>
    </p>
   </div>
   <div class='ocr_carea' id='block_1_4' title="bbox 135 365 1797 455">
    <p class='ocr_par' dir='ltr' id='par_1_4' title="bbox 135 365 1797 455">
     <span class='ocr_line' id='line_1_4' title="bbox 135 365 1797 455; baseline 0.002 -28"><span class='ocrx_word' id='word_1_7' title='bbox 135 369 216 442; x_wconf 89' lang='lat' dir='ltr'>impii</span> <span class='ocrx_word' id='word_1_8' title='bbox 230 376 257 425; x_wconf 86' lang='lat' dir='ltr'>et</span> <span class='ocrx_word' id='word_1_9' title='bbox 268 367 404 425; x_wconf 85' lang='lat' dir='ltr'>Christum</span> <span class='ocrx_word' id='word_1_10' title='bbox 419 365 558 435; x_wconf 89' lang='lat' dir='ltr'>nesciunt,</span> <span class='ocrx_word' id='word_1_11' title='bbox 586 375 613 424; x_wconf 91' lang='lat' dir='ltr'>et</span> <span class='ocrx_word' id='word_1_12' title='bbox 641 367 712 424; x_wconf 91' lang='lat' dir='ltr'>unde</span> <span class='ocrx_word' id='word_1_13' title='bbox 738 367 774 425; x_wconf 86' lang='lat' dir='ltr'>sit</span> <span class='ocrx_word' id='word_1_14' title='bbox 798 368 981 432; x_wconf 78' lang='lat' dir='ltr'>nesciuntiA</span> <span class='ocrx_word' id='word_1_15' title='bbox 996 367 1050 426; x_wconf 82' lang='lat' dir='ltr'>Deo</span> <span class='ocrx_word' id='word_1_16' title='bbox 1069 371 1152 437; x_wconf 78' lang='lat' dir='ltr'>exivi,</span> <span class='ocrx_word' id='word_1_17' title='bbox 1178 369 1281 447; x_wconf 85' lang='lat' dir='ltr'>etquid</span> <span class='ocrx_word' id='word_1_18' title='bbox 1295 379 1369 430; x_wconf 89' lang='lat' dir='ltr'>esset</span> <span class='ocrx_word' id='word_1_19' title='bbox 1382 381 1406 429; x_wconf 85' lang='grc' dir='ltr'>ει</span> <span class='ocrx_word' id='word_1_20' title='bbox 1420 374 1644 455; x_wconf 77' lang='lat' dir='ltr'>ueniacoutipuo</span> <span class='ocrx_word' id='word_1_21' title='bbox 1665 373 1797 453; x_wconf 71' lang='lat' dir='ltr'>subiecit,</span> 
     </span>
    </p>
   </div>
   <div class='ocr_carea' id='block_1_5' title="bbox 134 460 945 1756">
    <p class='ocr_par' dir='ltr' id='par_1_5' title="bbox 134 460 945 1756">
     <span class='ocr_line' id='line_1_5' title="bbox 134 460 944 535; baseline -0.004 -13"><span class='ocrx_word' id='word_1_22' title='bbox 134 464 208 522; x_wconf 82' lang='lat' dir='ltr'>itan</span> <span class='ocrx_word' id='word_1_23' title='bbox 221 462 266 532; x_wconf 90' lang='lat' dir='ltr'>id,</span> <span class='ocrx_word' id='word_1_24' title='bbox 280 462 319 535; x_wconf 81' lang='lat' dir='ltr'>(ul</span> <span class='ocrx_word' id='word_1_25' title='bbox 334 461 405 534; x_wconf 89' lang='lat' dir='ltr'>quod</span> <span class='ocrx_word' id='word_1_26' title='bbox 434 461 505 517; x_wconf 91' lang='lat' dir='ltr'>unde</span> <span class='ocrx_word' id='word_1_27' title='bbox 527 460 562 517; x_wconf 89' lang='lat' dir='ltr'>sit</span> <span class='ocrx_word' id='word_1_28' title='bbox 589 461 740 534; x_wconf 89' lang='lat' dir='ltr'>ignoratur,</span> <span class='ocrx_word' id='word_1_29' title='bbox 762 471 886 518; x_wconf 90' lang='lat' dir='ltr'>naturam</span> <span class='ocrx_word' id='word_1_30' title='bbox 910 478 944 519; x_wconf 87' lang='lat' dir='ltr'>cx</span> 
     </span>
     <span class='ocr_line' id='line_1_6' title="bbox 136 553 944 632; baseline 0 -18"><span class='ocrx_word' id='word_1_31' title='bbox 136 568 261 632; x_wconf 85' lang='lat' dir='ltr'>quaest,</span> <span class='ocrx_word' id='word_1_32' title='bbox 276 556 340 612; x_wconf 92' lang='lat' dir='ltr'>dum</span> <span class='ocrx_word' id='word_1_33' title='bbox 355 555 425 613; x_wconf 90' lang='lat' dir='ltr'>unde</span> <span class='ocrx_word' id='word_1_34' title='bbox 450 556 486 611; x_wconf 92' lang='lat' dir='ltr'>sit</span> <span class='ocrx_word' id='word_1_35' title='bbox 512 553 641 622; x_wconf 80' lang='lat' dir='ltr'><strong>nescitur,</strong></span> <span class='ocrx_word' id='word_1_36' title='bbox 671 555 798 613; x_wconf 90' lang='lat' dir='ltr'>ostendit.</span> <span class='ocrx_word' id='word_1_37' title='bbox 823 558 944 630; x_wconf 87' lang='lat' dir='ltr'>lgnorari</span> 
     </span>
     <span class='ocr_line' id='line_1_7' title="bbox 135 649 942 720; baseline -0.001 -12"><span class='ocrx_word' id='word_1_38' title='bbox 135 652 212 708; x_wconf 83' lang='lat' dir='ltr'>enim</span> <span class='ocrx_word' id='word_1_39' title='bbox 228 649 299 705; x_wconf 81' lang='lat' dir='ltr'>xinde</span> <span class='ocrx_word' id='word_1_40' title='bbox 312 650 411 705; x_wconf 91' lang='lat' dir='ltr'>sitnon</span> <span class='ocrx_word' id='word_1_41' title='bbox 426 657 532 720; x_wconf 88' lang='lat' dir='ltr'>potest,</span> <span class='ocrx_word' id='word_1_42' title='bbox 545 649 655 720; x_wconf 84' lang='lat' dir='ltr'>quiquid</span> <span class='ocrx_word' id='word_1_43' title='bbox 666 649 785 705; x_wconf 83' lang='lat' dir='ltr'>substitit</span> <span class='ocrx_word' id='word_1_44' title='bbox 798 666 831 706; x_wconf 85' lang='lat' dir='ltr'>ex</span> <span class='ocrx_word' id='word_1_45' title='bbox 842 651 942 707; x_wconf 80' lang='lat' dir='ltr'>nihilo:</span> 
     </span>
     <span class='ocr_line' id='line_1_8' title="bbox 135 728 942 817; baseline -0.002 -18"><span class='ocrx_word' id='word_1_46' title='bbox 135 728 202 817; x_wconf 66' lang='lat' dir='ltr'>guia</span> <span class='ocrx_word' id='word_1_47' title='bbox 221 744 272 799; x_wconf 91' lang='lat' dir='ltr'>hoe</span> <span class='ocrx_word' id='word_1_48' title='bbox 305 743 411 812; x_wconf 89' lang='lat' dir='ltr'>ipsum,</span> <span class='ocrx_word' id='word_1_49' title='bbox 438 743 509 813; x_wconf 88' lang='lat' dir='ltr'>quod</span> <span class='ocrx_word' id='word_1_50' title='bbox 535 757 589 796; x_wconf 91' lang='lat' dir='ltr'>non</span> <span class='ocrx_word' id='word_1_51' title='bbox 615 740 755 814; x_wconf 88' lang='lat' dir='ltr'>ignoratur</span> <span class='ocrx_word' id='word_1_52' title='bbox 778 757 812 797; x_wconf 87' lang='lat' dir='ltr'>ex</span> <span class='ocrx_word' id='word_1_53' title='bbox 838 742 942 811; x_wconf 90' lang='lat' dir='ltr'>nihilo,</span> 
     </span>
     <span class='ocr_line' id='line_1_9' title="bbox 134 834 945 911; baseline -0.004 -15"><span class='ocrx_word' id='word_1_54' title='bbox 134 838 335 911; x_wconf 76' lang='lat' dir='ltr'>ignorationem</span> <span class='ocrx_word' id='word_1_55' title='bbox 354 837 413 906; x_wconf 78' lang='lat' dir='ltr'>ejus</span> <span class='ocrx_word' id='word_1_56' title='bbox 426 835 498 892; x_wconf 84' lang='lat' dir='ltr'>urrde</span> <span class='ocrx_word' id='word_1_57' title='bbox 522 834 556 890; x_wconf 88' lang='lat' dir='ltr'>sit</span> <span class='ocrx_word' id='word_1_58' title='bbox 571 852 623 890; x_wconf 92' lang='lat' dir='ltr'>nou</span> <span class='ocrx_word' id='word_1_59' title='bbox 635 834 798 891; x_wconf 70' lang='lat' dir='ltr'>bubenhen</span> <span class='ocrx_word' id='word_1_60' title='bbox 813 851 887 893; x_wconf 89' lang='lat' dir='ltr'>exse</span> <span class='ocrx_word' id='word_1_61' title='bbox 902 846 945 893; x_wconf 85' lang='lat' dir='ltr'>est</span> 
     </span>
     <span class='ocr_line' id='line_1_10' title="bbox 137 929 942 1002; baseline -0.002 -14"><span class='ocrx_word' id='word_1_62' title='bbox 137 943 231 989; x_wconf 86' lang='lat' dir='ltr'>autem</span> <span class='ocrx_word' id='word_1_63' title='bbox 244 932 288 987; x_wconf 88' lang='lat' dir='ltr'>ille</span> <span class='ocrx_word' id='word_1_64' title='bbox 301 930 347 1001; x_wconf 85' lang='lat' dir='ltr'>qui</span> <span class='ocrx_word' id='word_1_65' title='bbox 360 929 448 994; x_wconf 63' lang='lat' dir='ltr'>neuin</span> <span class='ocrx_word' id='word_1_66' title='bbox 478 929 526 984; x_wconf 88' lang='lat' dir='ltr'>sed</span> <span class='ocrx_word' id='word_1_67' title='bbox 549 929 594 1000; x_wconf 81' lang='lat' dir='ltr'>qui</span> <span class='ocrx_word' id='word_1_68' title='bbox 622 930 694 985; x_wconf 91' lang='lat' dir='ltr'>misit</span> <span class='ocrx_word' id='word_1_69' title='bbox 710 945 771 984; x_wconf 92' lang='lat' dir='ltr'>eum</span> <span class='ocrx_word' id='word_1_70' title='bbox 785 945 866 985; x_wconf 81' lang='lat' dir='ltr'><strong>verax</strong></span> <span class='ocrx_word' id='word_1_71' title='bbox 881 941 942 1002; x_wconf 90' lang='lat' dir='ltr'>est,</span> 
     </span>
     <span class='ocr_line' id='line_1_11' title="bbox 137 1026 944 1101; baseline 0.002 -18"><span class='ocrx_word' id='word_1_72' title='bbox 137 1043 219 1101; x_wconf 84' lang='lat' dir='ltr'>quem</span> <span class='ocrx_word' id='word_1_73' title='bbox 235 1026 312 1098; x_wconf 88' lang='lat' dir='ltr'>impii</span> <span class='ocrx_word' id='word_1_74' title='bbox 327 1027 463 1083; x_wconf 88' lang='lat' dir='ltr'>nesciunt.</span> <span class='ocrx_word' id='word_1_75' title='bbox 480 1026 539 1082; x_wconf 86' lang='lat' dir='ltr'>lam</span> <span class='ocrx_word' id='word_1_76' title='bbox 554 1041 620 1097; x_wconf 91' lang='lat' dir='ltr'>ergo</span> <span class='ocrx_word' id='word_1_77' title='bbox 634 1026 679 1082; x_wconf 91' lang='lat' dir='ltr'>ille</span> <span class='ocrx_word' id='word_1_78' title='bbox 703 1028 748 1098; x_wconf 83' lang='lat' dir='ltr'>qtti</span> <span class='ocrx_word' id='word_1_79' title='bbox 778 1027 869 1095; x_wconf 82' lang='lat' dir='ltr'>misit,</span> <span class='ocrx_word' id='word_1_80' title='bbox 887 1027 944 1099; x_wconf 86' lang='lat' dir='ltr'>ipse</span> 
     </span>
     <span class='ocr_line' id='line_1_12' title="bbox 136 1120 944 1194; baseline -0.001 -15"><span class='ocrx_word' id='word_1_81' title='bbox 136 1136 180 1180; x_wconf 84' lang='lat' dir='ltr'>est</span> <span class='ocrx_word' id='word_1_82' title='bbox 191 1124 236 1194; x_wconf 83' lang='lat' dir='ltr'>qui</span> <span class='ocrx_word' id='word_1_83' title='bbox 251 1122 357 1177; x_wconf 80' lang='lat' dir='ltr'>misisse</span> <span class='ocrx_word' id='word_1_84' title='bbox 370 1120 527 1192; x_wconf 83' lang='lat' dir='ltr'>ignoratur.</span> <span class='ocrx_word' id='word_1_85' title='bbox 542 1121 584 1176; x_wconf 74' lang='lat' dir='ltr'>alh</span> <span class='ocrx_word' id='word_1_86' title='bbox 595 1137 627 1177; x_wconf 88' lang='lat' dir='ltr'>eo</span> <span class='ocrx_word' id='word_1_87' title='bbox 640 1136 723 1193; x_wconf 89' lang='lat' dir='ltr'>ergo,</span> <span class='ocrx_word' id='word_1_88' title='bbox 739 1123 785 1194; x_wconf 85' lang='lat' dir='ltr'>qui</span> <span class='ocrx_word' id='word_1_89' title='bbox 797 1121 887 1191; x_wconf 86' lang='lat' dir='ltr'>misit,</span> <span class='ocrx_word' id='word_1_90' title='bbox 902 1131 944 1178; x_wconf 86' lang='lat' dir='ltr'>est</span> 
     </span>
     <span class='ocr_line' id='line_1_13' title="bbox 136 1213 941 1287; baseline -0.004 -14"><span class='ocrx_word' id='word_1_91' title='bbox 136 1215 186 1273; x_wconf 90' lang='lat' dir='ltr'>ille</span> <span class='ocrx_word' id='word_1_92' title='bbox 197 1217 241 1287; x_wconf 81' lang='lat' dir='ltr'>qui</span> <span class='ocrx_word' id='word_1_93' title='bbox 254 1216 353 1270; x_wconf 86' lang='lat' dir='ltr'>missus</span> <span class='ocrx_word' id='word_1_94' title='bbox 367 1223 409 1270; x_wconf 88' lang='lat' dir='ltr'>est</span> <span class='ocrx_word' id='word_1_95' title='bbox 422 1232 429 1268; x_wconf 89' lang='lat'>:</span> <span class='ocrx_word' id='word_1_96' title='bbox 441 1223 469 1268; x_wconf 90' lang='lat' dir='ltr'>et</span> <span class='ocrx_word' id='word_1_97' title='bbox 480 1213 515 1269; x_wconf 83' lang='lat' dir='ltr'>ah</span> <span class='ocrx_word' id='word_1_98' title='bbox 527 1228 561 1269; x_wconf 90' lang='lat' dir='ltr'>eo</span> <span class='ocrx_word' id='word_1_99' title='bbox 576 1222 618 1269; x_wconf 83' lang='lat' dir='ltr'>cst</span> <span class='ocrx_word' id='word_1_100' title='bbox 633 1214 705 1270; x_wconf 90' lang='lat' dir='ltr'>unde</span> <span class='ocrx_word' id='word_1_101' title='bbox 728 1229 789 1270; x_wconf 89' lang='lat' dir='ltr'>esse</span> <span class='ocrx_word' id='word_1_102' title='bbox 803 1213 941 1284; x_wconf 89' lang='lat' dir='ltr'>nescitnr;</span> 
     </span>
     <span class='ocr_line' id='line_1_14' title="bbox 136 1305 943 1378; baseline -0.004 -13"><span class='ocrx_word' id='word_1_103' title='bbox 136 1319 164 1365; x_wconf 92' lang='lat' dir='ltr'>et</span> <span class='ocrx_word' id='word_1_104' title='bbox 175 1310 212 1365; x_wconf 92' lang='lat' dir='ltr'>oh</span> <span class='ocrx_word' id='word_1_105' title='bbox 223 1308 327 1378; x_wconf 82' lang='lat' dir='ltr'>hocqni</span> <span class='ocrx_word' id='word_1_106' title='bbox 343 1307 376 1360; x_wconf 89' lang='lat' dir='ltr'>sit</span> <span class='ocrx_word' id='word_1_107' title='bbox 387 1305 446 1376; x_wconf 90' lang='lat' dir='ltr'>ipse</span> <span class='ocrx_word' id='word_1_108' title='bbox 461 1307 591 1371; x_wconf 88' lang='lat' dir='ltr'>nescitur,</span> <span class='ocrx_word' id='word_1_109' title='bbox 604 1305 668 1361; x_wconf 86' lang='lat' dir='ltr'>doru</span> <span class='ocrx_word' id='word_1_110' title='bbox 684 1307 823 1377; x_wconf 84' lang='lat' dir='ltr'>ignoratur</span> <span class='ocrx_word' id='word_1_111' title='bbox 849 1322 863 1361; x_wconf 93' lang='lat' dir='ltr'>a</span> <span class='ocrx_word' id='word_1_112' title='bbox 889 1322 943 1378; x_wconf 86' lang='lat' dir='ltr'>quo</span> 
     </span>
     <span class='ocr_line' id='line_1_15' title="bbox 137 1399 942 1472; baseline -0.004 -11"><span class='ocrx_word' id='word_1_113' title='bbox 137 1406 188 1462; x_wconf 83' lang='lat' dir='ltr'>sit.</span> <span class='ocrx_word' id='word_1_114' title='bbox 199 1404 256 1459; x_wconf 86' lang='lat' dir='ltr'>lion</span> <span class='ocrx_word' id='word_1_115' title='bbox 269 1403 345 1458; x_wconf 85' lang='lat' dir='ltr'>noxit</span> <span class='ocrx_word' id='word_1_116' title='bbox 359 1399 519 1469; x_wconf 79' lang='lat' dir='ltr'>Christum,</span> <span class='ocrx_word' id='word_1_117' title='bbox 546 1402 591 1472; x_wconf 76' lang='lat' dir='ltr'>quii</span> <span class='ocrx_word' id='word_1_118' title='bbox 608 1401 678 1456; x_wconf 90' lang='lat' dir='ltr'>unde</span> <span class='ocrx_word' id='word_1_119' title='bbox 690 1400 814 1456; x_wconf 85' lang='lat' dir='ltr'>Christus</span> <span class='ocrx_word' id='word_1_120' title='bbox 833 1404 869 1456; x_wconf 90' lang='lat' dir='ltr'>sit</span> <span class='ocrx_word' id='word_1_121' title='bbox 879 1417 942 1458; x_wconf 88' lang='lat' dir='ltr'>nes·</span> 
     </span>
     <span class='ocr_line' id='line_1_16' title="bbox 136 1495 940 1566; baseline -0.007 -10"><span class='ocrx_word' id='word_1_122' title='bbox 136 1500 179 1556; x_wconf 89' lang='lat' dir='ltr'>cit</span> <span class='ocrx_word' id='word_1_123' title='bbox 189 1517 196 1562; x_wconf 87' lang='lat'>;</span> <span class='ocrx_word' id='word_1_124' title='bbox 208 1514 256 1554; x_wconf 90' lang='lat' dir='ltr'>nee</span> <span class='ocrx_word' id='word_1_125' title='bbox 271 1497 353 1552; x_wconf 89' lang='lat' dir='ltr'>hlium</span> <span class='ocrx_word' id='word_1_126' title='bbox 366 1498 522 1562; x_wconf 73' lang='lat' dir='ltr'>contitutus,</span> <span class='ocrx_word' id='word_1_127' title='bbox 536 1495 582 1566; x_wconf 88' lang='lat' dir='ltr'>qui</span> <span class='ocrx_word' id='word_1_128' title='bbox 596 1505 675 1566; x_wconf 90' lang='lat' dir='ltr'>negat</span> <span class='ocrx_word' id='word_1_129' title='bbox 686 1502 795 1561; x_wconf 88' lang='lat' dir='ltr'>natum;</span> <span class='ocrx_word' id='word_1_130' title='bbox 814 1511 863 1550; x_wconf 91' lang='lat' dir='ltr'>nce</span> <span class='ocrx_word' id='word_1_131' title='bbox 891 1511 940 1550; x_wconf 88' lang='lat' dir='ltr'>na-</span> 
     </span>
     <span class='ocr_line' id='line_1_17' title="bbox 139 1589 945 1664; baseline -0.007 -14"><span class='ocrx_word' id='word_1_132' title='bbox 139 1603 198 1650; x_wconf 93' lang='lat' dir='ltr'>tum</span> <span class='ocrx_word' id='word_1_133' title='bbox 214 1592 351 1664; x_wconf 88' lang='lat' dir='ltr'>iutelligit,</span> <span class='ocrx_word' id='word_1_134' title='bbox 368 1591 412 1661; x_wconf 79' lang='lat' dir='ltr'>quii</span> <span class='ocrx_word' id='word_1_135' title='bbox 427 1589 531 1660; x_wconf 87' lang='lat' dir='ltr'>putavit</span> <span class='ocrx_word' id='word_1_136' title='bbox 544 1605 577 1644; x_wconf 84' lang='lat' dir='ltr'>ex</span> <span class='ocrx_word' id='word_1_137' title='bbox 592 1589 689 1644; x_wconf 89' lang='lat' dir='ltr'>nihilo.</span> <span class='ocrx_word' id='word_1_138' title='bbox 725 1589 764 1644; x_wconf 87' lang='lat' dir='ltr'>Ex</span> <span class='ocrx_word' id='word_1_139' title='bbox 789 1589 873 1644; x_wconf 92' lang='lat' dir='ltr'>nihilo</span> <span class='ocrx_word' id='word_1_140' title='bbox 896 1604 945 1644; x_wconf 92' lang='lat' dir='ltr'>au·</span> 
     </span>
     <span class='ocr_line' id='line_1_18' title="bbox 139 1680 940 1756; baseline -0.009 -13"><span class='ocrx_word' id='word_1_141' title='bbox 139 1696 196 1743; x_wconf 81' lang='lat' dir='ltr'>tern</span> <span class='ocrx_word' id='word_1_142' title='bbox 221 1700 306 1756; x_wconf 83' lang='lat' dir='ltr'>usque</span> <span class='ocrx_word' id='word_1_143' title='bbox 320 1682 389 1740; x_wconf 89' lang='lat' dir='ltr'>adeo</span> <span class='ocrx_word' id='word_1_144' title='bbox 402 1698 456 1737; x_wconf 78' lang='lat' dir='ltr'>tion</span> <span class='ocrx_word' id='word_1_145' title='bbox 472 1691 528 1749; x_wconf 84' lang='lat' dir='ltr'>est,</span> <span class='ocrx_word' id='word_1_146' title='bbox 541 1688 571 1737; x_wconf 92' lang='lat' dir='ltr'>ut</span> <span class='ocrx_word' id='word_1_147' title='bbox 585 1681 658 1753; x_wconf 88' lang='lat' dir='ltr'>impii</span> <span class='ocrx_word' id='word_1_148' title='bbox 675 1680 746 1736; x_wconf 82' lang='lat' dir='ltr'>rrnde</span> <span class='ocrx_word' id='word_1_149' title='bbox 760 1681 794 1736; x_wconf 89' lang='lat' dir='ltr'>sit</span> <span class='ocrx_word' id='word_1_150' title='bbox 809 1681 940 1737; x_wconf 88' lang='lat' dir='ltr'>nesciant.</span> 
     </span>
    </p>
   </div>
   <div class='ocr_carea' id='block_1_6' title="bbox 993 462 1800 1753">
    <p class='ocr_par' dir='ltr' id='par_1_6' title="bbox 993 462 1800 1753">
     <span class='ocr_line' id='line_1_19' title="bbox 997 462 1798 547; baseline 0.01 -29"><span class='ocrx_word' id='word_1_151' title='bbox 997 462 1053 518; x_wconf 84' lang='lat' dir='ltr'>Nee</span> <span class='ocrx_word' id='word_1_152' title='bbox 1065 465 1132 519; x_wconf 85' lang='lat' dir='ltr'>enim</span> <span class='ocrx_word' id='word_1_153' title='bbox 1146 482 1162 519; x_wconf 89' lang='lat' dir='ltr'>u</span> <span class='ocrx_word' id='word_1_154' title='bbox 1175 481 1216 520; x_wconf 87' lang='lat' dir='ltr'>me</span> <span class='ocrx_word' id='word_1_155' title='bbox 1230 466 1287 521; x_wconf 85' lang='lat' dir='ltr'>ueni</span> <span class='ocrx_word' id='word_1_156' title='bbox 1295 510 1302 532; x_wconf 94' lang='lat'>,</span> <span class='ocrx_word' id='word_1_157' title='bbox 1318 467 1364 523; x_wconf 87' lang='lat' dir='ltr'>aed</span> <span class='ocrx_word' id='word_1_158' title='bbox 1377 467 1423 523; x_wconf 85' lang='lat' dir='ltr'>iile</span> <span class='ocrx_word' id='word_1_159' title='bbox 1436 485 1476 547; x_wconf 79' lang='lat' dir='ltr'>rue</span> <span class='ocrx_word' id='word_1_160' title='bbox 1487 468 1566 537; x_wconf 82' lang='lat' dir='ltr'>misit.</span> <span class='ocrx_word' id='word_1_161' title='bbox 1584 469 1618 541; x_wconf 73' lang='grc'>(1)</span> <span class='ocrx_word' id='word_1_162' title='bbox 1628 467 1687 547; x_wconf 77' lang='lat' dir='ltr'>Nou</span> <span class='ocrx_word' id='word_1_163' title='bbox 1699 484 1729 546; x_wconf 82' lang='lat' dir='ltr'>se</span> <span class='ocrx_word' id='word_1_164' title='bbox 1745 471 1798 526; x_wconf 90' lang='lat' dir='ltr'>sihi</span> 
     </span>
     <span class='ocr_line' id='line_1_20' title="bbox 995 556 1796 641; baseline 0.012 -31"><span class='ocrx_word' id='word_1_165' title='bbox 995 569 1056 611; x_wconf 89' lang='lat' dir='ltr'>esse</span> <span class='ocrx_word' id='word_1_166' title='bbox 1068 556 1199 629; x_wconf 82' lang='lat' dir='ltr'>originem</span> <span class='ocrx_word' id='word_1_167' title='bbox 1211 557 1322 627; x_wconf 88' lang='lat' dir='ltr'>docuit,</span> <span class='ocrx_word' id='word_1_168' title='bbox 1334 575 1395 616; x_wconf 91' lang='lat' dir='ltr'>cum</span> <span class='ocrx_word' id='word_1_169' title='bbox 1409 562 1446 617; x_wconf 89' lang='lat' dir='ltr'>ait</span> <span class='ocrx_word' id='word_1_170' title='bbox 1461 581 1468 618; x_wconf 94' lang='lat'><strong>:</strong></span> <span class='ocrx_word' id='word_1_171' title='bbox 1486 561 1543 617; x_wconf 85' lang='lat' dir='ltr'>lllec</span> <span class='ocrx_word' id='word_1_172' title='bbox 1558 564 1648 618; x_wconf 74' lang='lat' dir='ltr'>eninm</span> <span class='ocrx_word' id='word_1_173' title='bbox 1660 580 1700 639; x_wconf 85' lang='lat' dir='ltr'>me</span> <span class='ocrx_word' id='word_1_174' title='bbox 1720 565 1796 641; x_wconf 77' lang='lat' dir='ltr'>ueni,</span> 
     </span>
     <span class='ocr_line' id='line_1_21' title="bbox 996 649 1800 725; baseline 0.006 -19"><span class='ocrx_word' id='word_1_175' title='bbox 996 649 1155 723; x_wconf 74' lang='lat' dir='ltr'>etlsuppla,</span> <span class='ocrx_word' id='word_1_176' title='bbox 1171 653 1245 722; x_wconf 81' lang='lat' dir='ltr'>cum)</span> <span class='ocrx_word' id='word_1_177' title='bbox 1262 668 1370 708; x_wconf 91' lang='lat' dir='ltr'>rursum</span> <span class='ocrx_word' id='word_1_178' title='bbox 1383 670 1416 710; x_wconf 93' lang='lat' dir='ltr'>ex</span> <span class='ocrx_word' id='word_1_179' title='bbox 1434 653 1489 710; x_wconf 84' lang='lat' dir='ltr'>lleo</span> <span class='ocrx_word' id='word_1_180' title='bbox 1502 666 1532 712; x_wconf 86' lang='lat' dir='ltr'>se</span> <span class='ocrx_word' id='word_1_181' title='bbox 1545 654 1649 725; x_wconf 82' lang='lat' dir='ltr'>exisse,</span> <span class='ocrx_word' id='word_1_182' title='bbox 1666 665 1694 715; x_wconf 87' lang='lat' dir='ltr'>et</span> <span class='ocrx_word' id='word_1_183' title='bbox 1706 656 1742 713; x_wconf 90' lang='lat' dir='ltr'>ah</span> <span class='ocrx_word' id='word_1_184' title='bbox 1767 672 1800 712; x_wconf 92' lang='lat' dir='ltr'>eo</span> 
     </span>
     <span class='ocr_line' id='line_1_22' title="bbox 995 743 1797 831; baseline 0.011 -32"><span class='ocrx_word' id='word_1_185' title='bbox 995 743 1107 799; x_wconf 84' lang='lat' dir='ltr'>missum</span> <span class='ocrx_word' id='word_1_186' title='bbox 1119 759 1180 800; x_wconf 81' lang='lat' dir='ltr'>esse</span> <span class='ocrx_word' id='word_1_187' title='bbox 1193 754 1317 802; x_wconf 88' lang='lat' dir='ltr'>testatur.</span> <span class='ocrx_word' id='word_1_188' title='bbox 1334 747 1386 804; x_wconf 90' lang='lat' dir='ltr'>Sed</span> <span class='ocrx_word' id='word_1_189' title='bbox 1403 764 1463 805; x_wconf 91' lang='lat' dir='ltr'>cum</span> <span class='ocrx_word' id='word_1_190' title='bbox 1478 750 1575 819; x_wconf 87' lang='lat' dir='ltr'>abiis,</span> <span class='ocrx_word' id='word_1_191' title='bbox 1591 752 1636 825; x_wconf 86' lang='lat' dir='ltr'>qui</span> <span class='ocrx_word' id='word_1_192' title='bbox 1649 752 1701 831; x_wconf 82' lang='lat' dir='ltr'>sihi</span> <span class='ocrx_word' id='word_1_193' title='bbox 1714 752 1797 808; x_wconf 83' lang='lat' dir='ltr'>Deum</span> 
     </span>
     <span class='ocr_line' id='line_1_23' title="bbox 995 839 1798 925; baseline 0.016 -35"><span class='ocrx_word' id='word_1_194' title='bbox 995 847 1099 909; x_wconf 90' lang='lat' dir='ltr'>patrem</span> <span class='ocrx_word' id='word_1_195' title='bbox 1114 839 1254 907; x_wconf 91' lang='lat' dir='ltr'>dicerent,</span> <span class='ocrx_word' id='word_1_196' title='bbox 1271 841 1372 898; x_wconf 90' lang='lat' dir='ltr'>ideirco</span> <span class='ocrx_word' id='word_1_197' title='bbox 1386 859 1415 899; x_wconf 89' lang='lat' dir='ltr'>se</span> <span class='ocrx_word' id='word_1_198' title='bbox 1426 843 1592 917; x_wconf 90' lang='lat' dir='ltr'>diligendum</span> <span class='ocrx_word' id='word_1_199' title='bbox 1610 847 1662 914; x_wconf 88' lang='lat' dir='ltr'>ait,</span> <span class='ocrx_word' id='word_1_200' title='bbox 1674 847 1738 925; x_wconf 82' lang='lat' dir='ltr'>qiiia</span> <span class='ocrx_word' id='word_1_201' title='bbox 1763 862 1798 911; x_wconf 67' lang='lat' dir='ltr'>er,</span> 
     </span>
     <span class='ocr_line' id='line_1_24' title="bbox 996 928 1797 999; baseline 0.017 -14"><span class='ocrx_word' id='word_1_202' title='bbox 996 928 1052 986; x_wconf 85' lang='lat' dir='ltr'>Deo</span> <span class='ocrx_word' id='word_1_203' title='bbox 1067 929 1167 989; x_wconf 79' lang='lat' dir='ltr'>exisset</span> <span class='ocrx_word' id='word_1_204' title='bbox 1180 949 1186 999; x_wconf 94' lang='lat'>;</span> <span class='ocrx_word' id='word_1_205' title='bbox 1200 948 1309 989; x_wconf 88' lang='lat' dir='ltr'>cansam</span> <span class='ocrx_word' id='word_1_206' title='bbox 1323 935 1476 993; x_wconf 84' lang='lat' dir='ltr'>dilectionis</span> <span class='ocrx_word' id='word_1_207' title='bbox 1489 953 1616 995; x_wconf 87' lang='lat' dir='ltr'>excausa</span> <span class='ocrx_word' id='word_1_208' title='bbox 1636 928 1727 995; x_wconf 88' lang='lat' dir='ltr'>docuit</span> <span class='ocrx_word' id='word_1_209' title='bbox 1737 957 1797 999; x_wconf 89' lang='lat' dir='ltr'>esse</span> 
     </span>
     <span class='ocr_line' id='line_1_25' title="bbox 996 1024 1797 1100; baseline 0.012 -22"><span class='ocrx_word' id='word_1_210' title='bbox 996 1024 1135 1080; x_wconf 91' lang='lat' dir='ltr'>nascendi.</span> <span class='ocrx_word' id='word_1_211' title='bbox 1151 1025 1247 1082; x_wconf 81' lang='lat' dir='ltr'>Exisse</span> <span class='ocrx_word' id='word_1_212' title='bbox 1260 1027 1332 1083; x_wconf 91' lang='lat' dir='ltr'>enim</span> <span class='ocrx_word' id='word_1_213' title='bbox 1347 1028 1380 1083; x_wconf 91' lang='lat' dir='ltr'>ad</span> <span class='ocrx_word' id='word_1_214' title='bbox 1394 1028 1576 1100; x_wconf 86' lang='lat' dir='ltr'>incorporalis</span> <span class='ocrx_word' id='word_1_215' title='bbox 1591 1031 1739 1088; x_wconf 87' lang='lat' dir='ltr'>nativitatis</span> <span class='ocrx_word' id='word_1_216' title='bbox 1753 1048 1797 1088; x_wconf 90' lang='lat' dir='ltr'>re·</span> 
     </span>
     <span class='ocr_line' id='line_1_26' title="bbox 994 1117 1798 1199; baseline 0.011 -27"><span class='ocrx_word' id='word_1_217' title='bbox 994 1117 1055 1172; x_wconf 90' lang='lat' dir='ltr'>tulit</span> <span class='ocrx_word' id='word_1_218' title='bbox 1079 1134 1176 1175; x_wconf 91' lang='lat' dir='ltr'>nomeu</span> <span class='ocrx_word' id='word_1_219' title='bbox 1199 1138 1205 1174; x_wconf 91' lang='lat'>:</span> <span class='ocrx_word' id='word_1_220' title='bbox 1231 1119 1293 1192; x_wconf 84' lang='lat' dir='ltr'>quia</span> <span class='ocrx_word' id='word_1_221' title='bbox 1322 1122 1417 1196; x_wconf 87' lang='lat' dir='ltr'>religio</span> <span class='ocrx_word' id='word_1_222' title='bbox 1442 1123 1585 1195; x_wconf 87' lang='lat' dir='ltr'>prolltcndi</span> <span class='ocrx_word' id='word_1_223' title='bbox 1617 1125 1668 1180; x_wconf 88' lang='lat' dir='ltr'>sibi</span> <span class='ocrx_word' id='word_1_224' title='bbox 1694 1135 1798 1199; x_wconf 86' lang='lat' dir='ltr'>patrem</span> 
     </span>
     <span class='ocr_line' id='line_1_27' title="bbox 995 1212 1799 1293; baseline 0.014 -26"><span class='ocrx_word' id='word_1_225' title='bbox 995 1212 1079 1268; x_wconf 89' lang='lat' dir='ltr'>Deum</span> <span class='ocrx_word' id='word_1_226' title='bbox 1090 1255 1097 1278; x_wconf 93' lang='lat'>,</span> <span class='ocrx_word' id='word_1_227' title='bbox 1109 1230 1142 1269; x_wconf 88' lang='lat' dir='ltr'>ex</span> <span class='ocrx_word' id='word_1_228' title='bbox 1152 1213 1298 1272; x_wconf 90' lang='lat' dir='ltr'>dilectione</span> <span class='ocrx_word' id='word_1_229' title='bbox 1310 1215 1409 1272; x_wconf 80' lang='lat' dir='ltr'>Christi</span> <span class='ocrx_word' id='word_1_230' title='bbox 1425 1218 1470 1290; x_wconf 79' lang='lat' dir='ltr'>quii</span> <span class='ocrx_word' id='word_1_231' title='bbox 1484 1235 1516 1274; x_wconf 93' lang='lat' dir='ltr'>ex</span> <span class='ocrx_word' id='word_1_232' title='bbox 1530 1235 1563 1276; x_wconf 91' lang='lat' dir='ltr'>eo</span> <span class='ocrx_word' id='word_1_233' title='bbox 1577 1219 1684 1293; x_wconf 89' lang='lat' dir='ltr'>genitus</span> <span class='ocrx_word' id='word_1_234' title='bbox 1707 1232 1749 1278; x_wconf 90' lang='lat' dir='ltr'>est</span> <span class='ocrx_word' id='word_1_235' title='bbox 1762 1224 1799 1278; x_wconf 88' lang='lat' dir='ltr'>sit</span> 
     </span>
     <span class='ocr_line' id='line_1_28' title="bbox 995 1306 1799 1385; baseline 0.016 -26"><span class='ocrx_word' id='word_1_236' title='bbox 995 1306 1133 1361; x_wconf 89' lang='lat' dir='ltr'>merenda.</span> <span class='ocrx_word' id='word_1_237' title='bbox 1148 1307 1214 1362; x_wconf 82' lang='lat' dir='ltr'>Natu</span> <span class='ocrx_word' id='word_1_238' title='bbox 1227 1325 1287 1363; x_wconf 92' lang='lat' dir='ltr'>cum</span> <span class='ocrx_word' id='word_1_239' title='bbox 1299 1310 1353 1364; x_wconf 91' lang='lat' dir='ltr'>ait:</span> <span class='ocrx_word' id='word_1_240' title='bbox 1367 1310 1419 1379; x_wconf 83' lang='lat' dir='ltr'>Qui</span> <span class='ocrx_word' id='word_1_241' title='bbox 1433 1330 1473 1366; x_wconf 83' lang='lat' dir='ltr'>mr</span> <span class='ocrx_word' id='word_1_242' title='bbox 1487 1314 1557 1382; x_wconf 84' lang='lat' dir='ltr'>odit,</span> <span class='ocrx_word' id='word_1_243' title='bbox 1567 1324 1588 1367; x_wconf 87' lang='lat' dir='ltr'>et</span> <span class='ocrx_word' id='word_1_244' title='bbox 1601 1325 1701 1385; x_wconf 76' lang='lat' dir='ltr'>putrent</span> <span class='ocrx_word' id='word_1_245' title='bbox 1715 1334 1799 1372; x_wconf 77' lang='lat' dir='ltr'>ruerunt</span> 
     </span>
     <span class='ocr_line' id='line_1_29' title="bbox 995 1400 1799 1473; baseline 0.012 -19"><span class='ocrx_word' id='word_1_246' title='bbox 995 1400 1049 1454; x_wconf 87' lang='lat' dir='ltr'>odit</span> <span class='ocrx_word' id='word_1_247' title='bbox 1064 1400 1155 1469; x_wconf 74' lang='lat' dir='ltr'>(doun.</span> <span class='ocrx_word' id='word_1_248' title='bbox 1169 1419 1212 1468; x_wconf 91' lang='lat' dir='ltr'>xv,</span> <span class='ocrx_word' id='word_1_249' title='bbox 1229 1402 1297 1472; x_wconf 69' lang='lat' dir='ltr'>iil:</span> <span class='ocrx_word' id='word_1_250' title='bbox 1313 1421 1398 1458; x_wconf 77' lang='lat' dir='ltr'>aricium</span> <span class='ocrx_word' id='word_1_251' title='bbox 1413 1421 1475 1460; x_wconf 79' lang='lat' dir='ltr'>cutm</span> <span class='ocrx_word' id='word_1_252' title='bbox 1502 1407 1554 1473; x_wconf 89' lang='lat' dir='ltr'>ait,</span> <span class='ocrx_word' id='word_1_253' title='bbox 1580 1410 1799 1466; x_wconf 89' lang='lat' dir='ltr'>communionem</span> 
     </span>
     <span class='ocr_line' id='line_1_30' title="bbox 995 1493 1795 1574; baseline 0.006 -26"><span class='ocrx_word' id='word_1_254' title='bbox 995 1493 1113 1548; x_wconf 89' lang='lat' dir='ltr'>nominis</span> <span class='ocrx_word' id='word_1_255' title='bbox 1127 1495 1249 1565; x_wconf 81' lang='lat' dir='ltr'>(supple,</span> <span class='ocrx_word' id='word_1_256' title='bbox 1266 1511 1327 1553; x_wconf 88' lang='lat' dir='ltr'>eum</span> <span class='ocrx_word' id='word_1_257' title='bbox 1343 1495 1416 1569; x_wconf 84' lang='lat' dir='ltr'>aliis)</span> <span class='ocrx_word' id='word_1_258' title='bbox 1430 1513 1478 1569; x_wconf 92' lang='lat' dir='ltr'>per</span> <span class='ocrx_word' id='word_1_259' title='bbox 1493 1499 1717 1571; x_wconf 81' lang='lat' dir='ltr'>significationem</span> <span class='ocrx_word' id='word_1_260' title='bbox 1732 1518 1795 1574; x_wconf 92' lang='lat' dir='ltr'>prn-</span> 
     </span>
     <span class='ocr_line' id='line_1_31' title="bbox 993 1587 1797 1663; baseline 0.009 -22"><span class='ocrx_word' id='word_1_261' title='bbox 993 1587 1116 1659; x_wconf 81' lang='lat' dir='ltr'>prietatis</span> <span class='ocrx_word' id='word_1_262' title='bbox 1130 1587 1257 1643; x_wconf 82' lang='lat' dir='ltr'>exclusit.</span> <span class='ocrx_word' id='word_1_263' title='bbox 1271 1588 1407 1646; x_wconf 76' lang='lat' dir='ltr'>Caeterum</span> <span class='ocrx_word' id='word_1_264' title='bbox 1424 1591 1597 1661; x_wconf 80' lang='lat' dir='ltr'>profitentem</span> <span class='ocrx_word' id='word_1_265' title='bbox 1625 1592 1676 1649; x_wconf 90' lang='lat' dir='ltr'>sihi</span> <span class='ocrx_word' id='word_1_266' title='bbox 1693 1604 1797 1663; x_wconf 88' lang='lat' dir='ltr'>patrem</span> 
     </span>
     <span class='ocr_line' id='line_1_32' title="bbox 995 1678 1797 1753; baseline 0.014 -21"><span class='ocrx_word' id='word_1_267' title='bbox 995 1678 1096 1743; x_wconf 81' lang='lat' dir='ltr'>Deirru,</span> <span class='ocrx_word' id='word_1_268' title='bbox 1124 1686 1152 1734; x_wconf 94' lang='lat' dir='ltr'>et</span> <span class='ocrx_word' id='word_1_269' title='bbox 1173 1694 1267 1734; x_wconf 83' lang='lat' dir='ltr'>serron</span> <span class='ocrx_word' id='word_1_270' title='bbox 1293 1679 1465 1751; x_wconf 77' lang='lat' dir='ltr'>diligentem,</span> <span class='ocrx_word' id='word_1_271' title='bbox 1494 1682 1521 1737; x_wconf 93' lang='lat' dir='ltr'>in</span> <span class='ocrx_word' id='word_1_272' title='bbox 1549 1684 1655 1753; x_wconf 88' lang='lat' dir='ltr'>paterni</span> <span class='ocrx_word' id='word_1_273' title='bbox 1679 1685 1797 1743; x_wconf 88' lang='lat' dir='ltr'>nominis</span> 
     </span>
    </p>
   </div>
   <div class='ocr_carea' id='block_1_7' title="bbox 173 1771 1797 1857">
    <p class='ocr_par' dir='ltr' id='par_1_7' title="bbox 173 1771 1797 1857">
     <span class='ocr_line' id='line_1_33' title="bbox 173 1771 1797 1857; baseline -0.002 -19"><span class='ocrx_word' id='word_1_274' title='bbox 173 1781 222 1838; x_wconf 75' lang='grc'>30.</span> <span class='ocrx_word' id='word_1_275' title='bbox 237 1779 309 1834; x_wconf 85' lang='lat' dir='ltr'>Deus</span> <span class='ocrx_word' id='word_1_276' title='bbox 321 1779 353 1833; x_wconf 82' lang='lat' dir='ltr'>iis</span> <span class='ocrx_word' id='word_1_277' title='bbox 365 1779 427 1834; x_wconf 85' lang='lat' dir='ltr'>aelia</span> <span class='ocrx_word' id='word_1_278' title='bbox 442 1788 478 1832; x_wconf 85' lang='lat' dir='ltr'>eat</span> <span class='ocrx_word' id='word_1_279' title='bbox 488 1787 561 1849; x_wconf 86' lang='lat' dir='ltr'>poter</span> <span class='ocrx_word' id='word_1_280' title='bbox 574 1778 616 1848; x_wconf 77' lang='lat' dir='ltr'>oui</span> <span class='ocrx_word' id='word_1_281' title='bbox 630 1777 711 1848; x_wconf 77' lang='lat' dir='ltr'>filium</span> <span class='ocrx_word' id='word_1_282' title='bbox 727 1777 836 1841; x_wconf 87' lang='lat' dir='ltr'>colunt,</span> <span class='ocrx_word' id='word_1_283' title='bbox 852 1794 902 1830; x_wconf 79' lang='lat' dir='ltr'>riou</span> <span class='ocrx_word' id='word_1_284' title='bbox 916 1783 944 1830; x_wconf 89' lang='lat' dir='ltr'>ut</span> <span class='ocrx_word' id='word_1_285' title='bbox 959 1779 982 1840; x_wconf 85' lang='grc' dir='ltr'><strong>Β</strong></span> <span class='ocrx_word' id='word_1_286' title='bbox 997 1771 1170 1842; x_wconf 81' lang='lat' dir='ltr'>usurpatione</span> <span class='ocrx_word' id='word_1_287' title='bbox 1182 1773 1345 1828; x_wconf 87' lang='lat' dir='ltr'>condemnat</span> <span class='ocrx_word' id='word_1_288' title='bbox 1362 1791 1368 1826; x_wconf 93' lang='lat'>:</span> <span class='ocrx_word' id='word_1_289' title='bbox 1388 1775 1468 1857; x_wconf 75' lang='lat'>156</span> <span class='ocrx_word' id='word_1_290' title='bbox 1489 1772 1529 1848; x_wconf 82' lang='lat' dir='ltr'>(g)</span> <span class='ocrx_word' id='word_1_291' title='bbox 1556 1776 1673 1849; x_wconf 87' lang='lat' dir='ltr'>quiaqui</span> <span class='ocrx_word' id='word_1_292' title='bbox 1685 1791 1714 1832; x_wconf 89' lang='lat' dir='ltr'>se</span> <span class='ocrx_word' id='word_1_293' title='bbox 1725 1778 1797 1846; x_wconf 86' lang='lat' dir='ltr'>odit,</span> 
     </span>
    </p>
   </div>
   <div class='ocr_carea' id='block_1_8' title="bbox 134 1869 944 3157">
    <p class='ocr_par' dir='ltr' id='par_1_8' title="bbox 134 1869 944 3157">
     <span class='ocr_line' id='line_1_34' title="bbox 136 1869 942 1942; baseline -0.006 -14"><span class='ocrx_word' id='word_1_294' title='bbox 136 1873 299 1942; x_wconf 80' lang='lat' dir='ltr'>adoptiuum.</span> <span class='ocrx_word' id='word_1_295' title='bbox 314 1871 393 1926; x_wconf 74' lang='lat' dir='ltr'>dnn</span> <span class='ocrx_word' id='word_1_296' title='bbox 406 1888 438 1926; x_wconf 77' lang='lat' dir='ltr'>ex</span> <span class='ocrx_word' id='word_1_297' title='bbox 452 1869 707 1939; x_wconf 61' lang='lat' dir='ltr'>denuntiandae</span> <span class='ocrx_word' id='word_1_298' title='bbox 720 1870 845 1942; x_wconf 76' lang='lat' dir='ltr'>diligendi</span> <span class='ocrx_word' id='word_1_299' title='bbox 855 1887 942 1937; x_wconf 80' lang='lat' dir='ltr'>curura,</span> 
     </span>
     <span class='ocr_line' id='line_1_35' title="bbox 136 1963 944 2033; baseline -0.007 -13"><span class='ocrx_word' id='word_1_300' title='bbox 136 1967 206 2021; x_wconf 75' lang='lat' dir='ltr'>ratio</span> <span class='ocrx_word' id='word_1_301' title='bbox 216 1966 348 2020; x_wconf 79' lang='lat' dir='ltr'>noscendi.</span> <span class='ocrx_word' id='word_1_302' title='bbox 364 1995 399 2005; x_wconf 93' lang='lat'>-</span> <span class='ocrx_word' id='word_1_303' title='bbox 412 1963 542 2018; x_wconf 83' lang='lat' dir='ltr'>Nesciunt</span> <span class='ocrx_word' id='word_1_304' title='bbox 556 1963 647 2033; x_wconf 88' lang='lat' dir='ltr'>plane,</span> <span class='ocrx_word' id='word_1_305' title='bbox 661 1964 801 2030; x_wconf 89' lang='lat' dir='ltr'>nesciunt,</span> <span class='ocrx_word' id='word_1_306' title='bbox 825 1965 869 2033; x_wconf 83' lang='lat' dir='ltr'>qni</span> <span class='ocrx_word' id='word_1_307' title='bbox 897 1978 944 2016; x_wconf 90' lang='lat' dir='ltr'>na-</span> 
     </span>
     <span class='ocr_line' id='line_1_36' title="bbox 138 2054 942 2130; baseline -0.006 -16"><span class='ocrx_word' id='word_1_308' title='bbox 138 2066 228 2114; x_wconf 87' lang='lat' dir='ltr'>turam</span> <span class='ocrx_word' id='word_1_309' title='bbox 243 2057 344 2114; x_wconf 91' lang='lat' dir='ltr'>nomini</span> <span class='ocrx_word' id='word_1_310' title='bbox 358 2055 497 2122; x_wconf 87' lang='lat' dir='ltr'>adimunt,</span> <span class='ocrx_word' id='word_1_311' title='bbox 511 2054 548 2130; x_wconf 84' lang='lat' dir='ltr'>th)</span> <span class='ocrx_word' id='word_1_312' title='bbox 561 2055 607 2127; x_wconf 82' lang='lat' dir='ltr'>qui</span> <span class='ocrx_word' id='word_1_313' title='bbox 621 2057 775 2111; x_wconf 89' lang='lat' dir='ltr'>nescientes</span> <span class='ocrx_word' id='word_1_314' title='bbox 785 2071 839 2110; x_wconf 91' lang='lat' dir='ltr'>nou</span> <span class='ocrx_word' id='word_1_315' title='bbox 865 2056 942 2129; x_wconf 82' lang='lat'>155</span> 
     </span>
     <span class='ocr_line' id='line_1_37' title="bbox 138 2147 943 2227; baseline -0.004 -22"><span class='ocrx_word' id='word_1_316' title='bbox 138 2160 231 2205; x_wconf 89' lang='lat' dir='ltr'>amant</span> <span class='ocrx_word' id='word_1_317' title='bbox 242 2150 323 2206; x_wconf 89' lang='lat' dir='ltr'>scire.</span> <span class='ocrx_word' id='word_1_318' title='bbox 335 2149 368 2216; x_wconf 77' lang='lat' dir='ltr'>Et</span> <span class='ocrx_word' id='word_1_319' title='bbox 381 2149 492 2202; x_wconf 84' lang='lat' dir='ltr'>audiant</span> <span class='ocrx_word' id='word_1_320' title='bbox 507 2147 604 2203; x_wconf 85' lang='lat' dir='ltr'>Filium</span> <span class='ocrx_word' id='word_1_321' title='bbox 620 2149 742 2204; x_wconf 85' lang='lat' dir='ltr'>scientiae</span> <span class='ocrx_word' id='word_1_322' title='bbox 767 2148 845 2220; x_wconf 79' lang='lat' dir='ltr'>hrrjus</span> <span class='ocrx_word' id='word_1_323' title='bbox 868 2151 943 2227; x_wconf 79' lang='lat' dir='ltr'>igno·</span> 
     </span>
     <span class='ocr_line' id='line_1_38' title="bbox 137 2238 942 2312; baseline -0.001 -13"><span class='ocrx_word' id='word_1_324' title='bbox 137 2245 273 2300; x_wconf 86' lang='lat' dir='ltr'>rationem</span> <span class='ocrx_word' id='word_1_325' title='bbox 289 2241 379 2312; x_wconf 91' lang='lat' dir='ltr'>impiis</span> <span class='ocrx_word' id='word_1_326' title='bbox 389 2241 617 2312; x_wconf 83' lang='lat' dir='ltr'>exproluautem,</span> <span class='ocrx_word' id='word_1_327' title='bbox 632 2250 687 2296; x_wconf 88' lang='lat' dir='ltr'>tum</span> <span class='ocrx_word' id='word_1_328' title='bbox 703 2256 764 2297; x_wconf 88' lang='lat' dir='ltr'>eum</span> <span class='ocrx_word' id='word_1_329' title='bbox 777 2238 829 2296; x_wconf 90' lang='lat' dir='ltr'>sihi</span> <span class='ocrx_word' id='word_1_330' title='bbox 840 2252 942 2312; x_wconf 90' lang='lat' dir='ltr'>patrem</span> 
     </span>
     <span class='ocr_line' id='line_1_39' title="bbox 138 2331 944 2407; baseline -0.006 -13"><span class='ocrx_word' id='word_1_331' title='bbox 138 2338 226 2394; x_wconf 83' lang='lat' dir='ltr'>Deum</span> <span class='ocrx_word' id='word_1_332' title='bbox 237 2335 323 2392; x_wconf 85' lang='lat' dir='ltr'>ludaei</span> <span class='ocrx_word' id='word_1_333' title='bbox 339 2334 478 2401; x_wconf 88' lang='lat' dir='ltr'>dicerem;</span> <span class='ocrx_word' id='word_1_334' title='bbox 495 2334 532 2389; x_wconf 91' lang='lat' dir='ltr'>ait</span> <span class='ocrx_word' id='word_1_335' title='bbox 546 2334 619 2390; x_wconf 91' lang='lat' dir='ltr'>enim</span> <span class='ocrx_word' id='word_1_336' title='bbox 636 2351 642 2387; x_wconf 93' lang='lat'>:</span> <span class='ocrx_word' id='word_1_337' title='bbox 659 2334 688 2390; x_wconf 89' lang='lat' dir='ltr'>Si</span> <span class='ocrx_word' id='word_1_338' title='bbox 704 2331 774 2389; x_wconf 84' lang='lat' dir='ltr'>Deus</span> <span class='ocrx_word' id='word_1_339' title='bbox 793 2343 867 2407; x_wconf 84' lang='lat' dir='ltr'>puter</span> <span class='ocrx_word' id='word_1_340' title='bbox 889 2351 944 2389; x_wconf 83' lang='lat' dir='ltr'>ues-</span> 
     </span>
     <span class='ocr_line' id='line_1_40' title="bbox 136 2424 941 2500; baseline -0.009 -13"><span class='ocrx_word' id='word_1_341' title='bbox 136 2441 178 2487; x_wconf 84' lang='lat' dir='ltr'>ter</span> <span class='ocrx_word' id='word_1_342' title='bbox 188 2440 269 2497; x_wconf 84' lang='lat' dir='ltr'>esset,</span> <span class='ocrx_word' id='word_1_343' title='bbox 282 2427 423 2500; x_wconf 80' lang='lat' dir='ltr'>diligeretis</span> <span class='ocrx_word' id='word_1_344' title='bbox 433 2429 522 2497; x_wconf 84' lang='lat' dir='ltr'>utique</span> <span class='ocrx_word' id='word_1_345' title='bbox 532 2443 648 2499; x_wconf 58' lang='lat' dir='ltr'>extenuo</span> <span class='ocrx_word' id='word_1_346' title='bbox 658 2427 724 2481; x_wconf 85' lang='lat' dir='ltr'>enim</span> <span class='ocrx_word' id='word_1_347' title='bbox 748 2444 763 2480; x_wconf 88' lang='lat' dir='ltr'>o</span> <span class='ocrx_word' id='word_1_348' title='bbox 784 2424 839 2481; x_wconf 85' lang='lat' dir='ltr'>Deo</span> <span class='ocrx_word' id='word_1_349' title='bbox 858 2428 941 2493; x_wconf 75' lang='lat' dir='ltr'>esici,</span> 
     </span>
     <span class='ocr_line' id='line_1_41' title="bbox 136 2518 941 2591; baseline -0.009 -10"><span class='ocrx_word' id='word_1_350' title='bbox 136 2535 163 2581; x_wconf 85' lang='lat' dir='ltr'>et</span> <span class='ocrx_word' id='word_1_351' title='bbox 177 2526 236 2581; x_wconf 79' lang='lat' dir='ltr'>ueni</span> <span class='ocrx_word' id='word_1_352' title='bbox 246 2541 255 2578; x_wconf 94' lang='lat'><em>:</em></span> <span class='ocrx_word' id='word_1_353' title='bbox 266 2540 312 2578; x_wconf 85' lang='lat' dir='ltr'>nee</span> <span class='ocrx_word' id='word_1_354' title='bbox 325 2540 341 2576; x_wconf 89' lang='lat' dir='ltr'>u</span> <span class='ocrx_word' id='word_1_355' title='bbox 352 2539 391 2576; x_wconf 86' lang='lat' dir='ltr'>me</span> <span class='ocrx_word' id='word_1_356' title='bbox 403 2522 477 2586; x_wconf 80' lang='lat' dir='ltr'>uerri,</span> <span class='ocrx_word' id='word_1_357' title='bbox 492 2519 536 2575; x_wconf 81' lang='lat' dir='ltr'>sed</span> <span class='ocrx_word' id='word_1_358' title='bbox 549 2520 593 2574; x_wconf 86' lang='lat' dir='ltr'>iile</span> <span class='ocrx_word' id='word_1_359' title='bbox 613 2536 653 2573; x_wconf 83' lang='lat' dir='ltr'>nte</span> <span class='ocrx_word' id='word_1_360' title='bbox 667 2519 736 2574; x_wconf 83' lang='lat' dir='ltr'>arisit</span> <span class='ocrx_word' id='word_1_361' title='bbox 758 2518 850 2591; x_wconf 79' lang='lat' dir='ltr'>(loun.</span> <span class='ocrx_word' id='word_1_362' title='bbox 875 2535 941 2587; x_wconf 84' lang='lat' dir='ltr'>utta,</span> 
     </span>
     <span class='ocr_line' id='line_1_42' title="bbox 135 2613 943 2691; baseline -0.007 -16"><span class='ocrx_word' id='word_1_363' title='bbox 135 2618 199 2691; x_wconf 71' lang='grc'>12).</span> <span class='ocrx_word' id='word_1_364' title='bbox 214 2616 345 2688; x_wconf 85' lang='lat' dir='ltr'>lieligiosi</span> <span class='ocrx_word' id='word_1_365' title='bbox 360 2615 476 2670; x_wconf 90' lang='lat' dir='ltr'>nominis</span> <span class='ocrx_word' id='word_1_366' title='bbox 490 2613 700 2686; x_wconf 79' lang='lat' dir='ltr'>assumptionem</span> <span class='ocrx_word' id='word_1_367' title='bbox 715 2613 761 2668; x_wconf 84' lang='lat' dir='ltr'>Dei</span> <span class='ocrx_word' id='word_1_368' title='bbox 776 2613 848 2669; x_wconf 87' lang='lat' dir='ltr'>lilius</span> <span class='ocrx_word' id='word_1_369' title='bbox 861 2614 886 2668; x_wconf 92' lang='lat' dir='ltr'>in</span> <span class='ocrx_word' id='word_1_370' title='bbox 901 2613 943 2669; x_wconf 92' lang='lat' dir='ltr'>his</span> 
     </span>
     <span class='ocr_line' id='line_1_43' title="bbox 137 2705 942 2786; baseline -0.01 -17"><span class='ocrx_word' id='word_1_371' title='bbox 137 2713 187 2786; x_wconf 77' lang='lat' dir='ltr'>qui</span> <span class='ocrx_word' id='word_1_372' title='bbox 200 2727 229 2767; x_wconf 90' lang='lat' dir='ltr'>se</span> <span class='ocrx_word' id='word_1_373' title='bbox 242 2711 287 2765; x_wconf 83' lang='lat' dir='ltr'>liei</span> <span class='ocrx_word' id='word_1_374' title='bbox 301 2708 336 2784; x_wconf 82' lang='lat' dir='ltr'>(c)</span> <span class='ocrx_word' id='word_1_375' title='bbox 354 2709 437 2764; x_wconf 84' lang='lat' dir='ltr'>hliuni</span> <span class='ocrx_word' id='word_1_376' title='bbox 463 2707 624 2763; x_wconf 79' lang='lat' dir='ltr'>conitentes</span> <span class='ocrx_word' id='word_1_377' title='bbox 658 2715 762 2777; x_wconf 88' lang='lat' dir='ltr'>patrem</span> <span class='ocrx_word' id='word_1_378' title='bbox 785 2708 835 2762; x_wconf 90' lang='lat' dir='ltr'>sihi</span> <span class='ocrx_word' id='word_1_379' title='bbox 859 2705 942 2761; x_wconf 86' lang='lat' dir='ltr'>ileum</span> 
     </span>
     <span class='ocr_line' id='line_1_44' title="bbox 136 2800 941 2875; baseline -0.011 -11"><span class='ocrx_word' id='word_1_380' title='bbox 136 2807 274 2869; x_wconf 85' lang='lat' dir='ltr'>dicerent,</span> <span class='ocrx_word' id='word_1_381' title='bbox 287 2820 339 2860; x_wconf 91' lang='lat' dir='ltr'>non</span> <span class='ocrx_word' id='word_1_382' title='bbox 352 2802 532 2875; x_wconf 83' lang='lat' dir='ltr'>iniprohauit;</span> <span class='ocrx_word' id='word_1_383' title='bbox 547 2801 593 2857; x_wconf 91' lang='lat' dir='ltr'>sed</span> <span class='ocrx_word' id='word_1_384' title='bbox 606 2801 776 2856; x_wconf 89' lang='lat' dir='ltr'>temerariam</span> <span class='ocrx_word' id='word_1_385' title='bbox 787 2800 941 2857; x_wconf 66' lang='lat' dir='ltr'>iudaeorum</span> 
     </span>
     <span class='ocr_line' id='line_1_45' title="bbox 137 2893 940 2969; baseline -0.011 -14"><span class='ocrx_word' id='word_1_386' title='bbox 137 2898 363 2969; x_wconf 74' lang='lat' dir='ltr'>usurpationem,</span> <span class='ocrx_word' id='word_1_387' title='bbox 381 2906 483 2967; x_wconf 87' lang='lat' dir='ltr'>patrem</span> <span class='ocrx_word' id='word_1_388' title='bbox 508 2893 560 2950; x_wconf 92' lang='lat' dir='ltr'>sihi</span> <span class='ocrx_word' id='word_1_389' title='bbox 588 2894 674 2950; x_wconf 85' lang='lat' dir='ltr'>Deum</span> <span class='ocrx_word' id='word_1_390' title='bbox 699 2895 940 2964; x_wconf 82' lang='lat' dir='ltr'>praesumemium,</span> 
     </span>
     <span class='ocr_line' id='line_1_46' title="bbox 136 2986 944 3066; baseline -0.01 -16"><span class='ocrx_word' id='word_1_391' title='bbox 136 3010 189 3066; x_wconf 90' lang='lat' dir='ltr'>per</span> <span class='ocrx_word' id='word_1_392' title='bbox 202 2993 230 3048; x_wconf 92' lang='lat' dir='ltr'>id</span> <span class='ocrx_word' id='word_1_393' title='bbox 242 2992 311 3064; x_wconf 81' lang='lat' dir='ltr'>qarod</span> <span class='ocrx_word' id='word_1_394' title='bbox 324 3007 353 3048; x_wconf 90' lang='lat' dir='ltr'>se</span> <span class='ocrx_word' id='word_1_395' title='bbox 366 3007 421 3047; x_wconf 91' lang='lat' dir='ltr'>nou</span> <span class='ocrx_word' id='word_1_396' title='bbox 432 2990 592 3060; x_wconf 80' lang='lat' dir='ltr'>diligerent,</span> <span class='ocrx_word' id='word_1_397' title='bbox 605 2989 729 3061; x_wconf 87' lang='lat' dir='ltr'>objurgat</span> <span class='ocrx_word' id='word_1_398' title='bbox 745 3007 752 3044; x_wconf 76' lang='grc' dir='ltr'>ε</span> <span class='ocrx_word' id='word_1_399' title='bbox 768 2989 800 3044; x_wconf 87' lang='lat' dir='ltr'>Si</span> <span class='ocrx_word' id='word_1_400' title='bbox 814 2986 886 3043; x_wconf 76' lang='lat' dir='ltr'>Dein</span> <span class='ocrx_word' id='word_1_401' title='bbox 898 3006 944 3060; x_wconf 83' lang='lat' dir='ltr'>pu-</span> 
     </span>
     <span class='ocr_line' id='line_1_47' title="bbox 134 3079 942 3157; baseline -0.007 -15"><span class='ocrx_word' id='word_1_402' title='bbox 134 3096 177 3143; x_wconf 86' lang='lat' dir='ltr'>ter</span> <span class='ocrx_word' id='word_1_403' title='bbox 192 3096 273 3142; x_wconf 74' lang='lat' dir='ltr'>aester</span> <span class='ocrx_word' id='word_1_404' title='bbox 287 3095 370 3150; x_wconf 82' lang='lat' dir='ltr'>esset,</span> <span class='ocrx_word' id='word_1_405' title='bbox 386 3084 527 3157; x_wconf 73' lang='lat' dir='ltr'>diligeretis</span> <span class='ocrx_word' id='word_1_406' title='bbox 550 3083 638 3154; x_wconf 78' lang='lat' dir='ltr'>utique</span> <span class='ocrx_word' id='word_1_407' title='bbox 651 3099 706 3147; x_wconf 79' lang='lat' dir='ltr'>ntr3</span> <span class='ocrx_word' id='word_1_408' title='bbox 721 3083 845 3155; x_wconf 78' lang='lat' dir='ltr'>egoenim</span> <span class='ocrx_word' id='word_1_409' title='bbox 860 3079 942 3137; x_wconf 89' lang='lat' dir='ltr'>uDeo</span> 
     </span>
    </p>
   </div>
   <div class='ocr_carea' id='block_1_9' title="bbox 992 1864 1802 3169">
    <p class='ocr_par' dir='ltr' id='par_1_9' title="bbox 992 1864 1802 3169">
     <span class='ocr_line' id='line_1_48' title="bbox 996 1864 1796 1942; baseline 0.008 -23"><span class='ocrx_word' id='word_1_410' title='bbox 996 1864 1084 1920; x_wconf 90' lang='lat' dir='ltr'>oderit</span> <span class='ocrx_word' id='word_1_411' title='bbox 1102 1865 1263 1930; x_wconf 79' lang='lat' dir='ltr'>etl‘atrem;</span> <span class='ocrx_word' id='word_1_412' title='bbox 1279 1868 1365 1922; x_wconf 87' lang='lat' dir='ltr'>necin</span> <span class='ocrx_word' id='word_1_413' title='bbox 1387 1866 1469 1922; x_wconf 85' lang='lat' dir='ltr'>heum</span> <span class='ocrx_word' id='word_1_414' title='bbox 1496 1877 1601 1938; x_wconf 89' lang='lat' dir='ltr'>patrem</span> <span class='ocrx_word' id='word_1_415' title='bbox 1628 1870 1664 1925; x_wconf 91' lang='lat' dir='ltr'>sit</span> <span class='ocrx_word' id='word_1_416' title='bbox 1685 1868 1796 1942; x_wconf 84' lang='lat' dir='ltr'>religio-</span> 
     </span>
     <span class='ocr_line' id='line_1_49' title="bbox 995 1955 1794 2032; baseline 0.009 -20"><span class='ocrx_word' id='word_1_417' title='bbox 995 1972 1052 2023; x_wconf 75' lang='lat' dir='ltr'>sae,</span> <span class='ocrx_word' id='word_1_418' title='bbox 1062 1955 1107 2028; x_wconf 79' lang='lat' dir='ltr'>quii</span> <span class='ocrx_word' id='word_1_419' title='bbox 1118 1973 1171 2012; x_wconf 93' lang='lat' dir='ltr'>nou</span> <span class='ocrx_word' id='word_1_420' title='bbox 1184 1958 1278 2030; x_wconf 88' lang='lat' dir='ltr'>diligat</span> <span class='ocrx_word' id='word_1_421' title='bbox 1293 1958 1409 2026; x_wconf 73' lang='lat' dir='ltr'>Filium,</span> <span class='ocrx_word' id='word_1_422' title='bbox 1425 1976 1486 2015; x_wconf 88' lang='lat' dir='ltr'>cum</span> <span class='ocrx_word' id='word_1_423' title='bbox 1500 1960 1628 2032; x_wconf 84' lang='lat' dir='ltr'>diligendi</span> <span class='ocrx_word' id='word_1_424' title='bbox 1655 1962 1717 2017; x_wconf 88' lang='lat' dir='ltr'>Filii</span> <span class='ocrx_word' id='word_1_425' title='bbox 1741 1981 1794 2020; x_wconf 92' lang='lat' dir='ltr'>nou</span> 
     </span>
     <span class='ocr_line' id='line_1_50' title="bbox 995 2050 1797 2127; baseline 0.01 -24"><span class='ocrx_word' id='word_1_426' title='bbox 995 2050 1047 2104; x_wconf 87' lang='lat' dir='ltr'>alia</span> <span class='ocrx_word' id='word_1_427' title='bbox 1062 2065 1142 2105; x_wconf 86' lang='lat' dir='ltr'>eausa</span> <span class='ocrx_word' id='word_1_428' title='bbox 1158 2051 1204 2116; x_wconf 89' lang='lat' dir='ltr'>sit,</span> <span class='ocrx_word' id='word_1_429' title='bbox 1219 2066 1297 2122; x_wconf 88' lang='lat' dir='ltr'>quam</span> <span class='ocrx_word' id='word_1_430' title='bbox 1312 2051 1384 2122; x_wconf 75' lang='lat' dir='ltr'>tpuod</span> <span class='ocrx_word' id='word_1_431' title='bbox 1396 2066 1428 2106; x_wconf 90' lang='lat' dir='ltr'>ex</span> <span class='ocrx_word' id='word_1_432' title='bbox 1446 2052 1500 2107; x_wconf 84' lang='lat' dir='ltr'>heo</span> <span class='ocrx_word' id='word_1_433' title='bbox 1511 2054 1556 2107; x_wconf 90' lang='lat' dir='ltr'>sit.</span> <span class='ocrx_word' id='word_1_434' title='bbox 1574 2053 1614 2109; x_wconf 85' lang='lat' dir='ltr'>lix</span> <span class='ocrx_word' id='word_1_435' title='bbox 1635 2054 1696 2127; x_wconf 79' lang='lat' dir='ltr'>[leo¹</span> <span class='ocrx_word' id='word_1_436' title='bbox 1716 2054 1797 2127; x_wconf 84' lang='lat' dir='ltr'>igitur</span> 
     </span>
     <span class='ocr_line' id='line_1_51' title="bbox 995 2143 1797 2220; baseline 0.006 -21"><span class='ocrx_word' id='word_1_437' title='bbox 995 2143 1080 2199; x_wconf 81' lang='lat' dir='ltr'>Filius</span> <span class='ocrx_word' id='word_1_438' title='bbox 1093 2153 1149 2210; x_wconf 90' lang='lat' dir='ltr'>cst,</span> <span class='ocrx_word' id='word_1_439' title='bbox 1167 2160 1220 2199; x_wconf 92' lang='lat' dir='ltr'>nou</span> <span class='ocrx_word' id='word_1_440' title='bbox 1239 2144 1373 2211; x_wconf 88' lang='lat' dir='ltr'>adventu,</span> <span class='ocrx_word' id='word_1_441' title='bbox 1389 2145 1436 2201; x_wconf 88' lang='lat' dir='ltr'>sed</span> <span class='ocrx_word' id='word_1_442' title='bbox 1451 2145 1589 2201; x_wconf 77' lang='lat' dir='ltr'>nativitate</span> <span class='ocrx_word' id='word_1_443' title='bbox 1613 2164 1621 2200; x_wconf 73' lang='grc' dir='ltr'>ι</span> <span class='ocrx_word' id='word_1_444' title='bbox 1647 2157 1674 2202; x_wconf 87' lang='lat' dir='ltr'>et</span> <span class='ocrx_word' id='word_1_445' title='bbox 1693 2145 1733 2220; x_wconf 78' lang='lat'>(5)</span> <span class='ocrx_word' id='word_1_446' title='bbox 1757 2147 1797 2203; x_wconf 88' lang='lat' dir='ltr'>di-</span> 
     </span>
     <span class='ocr_line' id='line_1_52' title="bbox 995 2237 1799 2313; baseline 0.007 -20"><span class='ocrx_word' id='word_1_447' title='bbox 995 2238 1075 2294; x_wconf 91' lang='lat' dir='ltr'>lectio</span> <span class='ocrx_word' id='word_1_448' title='bbox 1088 2238 1114 2293; x_wconf 91' lang='lat' dir='ltr'>iu</span> <span class='ocrx_word' id='word_1_449' title='bbox 1130 2237 1237 2295; x_wconf 84' lang='lat' dir='ltr'>Patrem</span> <span class='ocrx_word' id='word_1_450' title='bbox 1254 2237 1295 2313; x_wconf 85' lang='lat' dir='ltr'>(h)</span> <span class='ocrx_word' id='word_1_451' title='bbox 1306 2237 1350 2295; x_wconf 90' lang='lat' dir='ltr'>hic</span> <span class='ocrx_word' id='word_1_452' title='bbox 1363 2239 1416 2296; x_wconf 89' lang='lat' dir='ltr'>erit</span> <span class='ocrx_word' id='word_1_453' title='bbox 1429 2238 1529 2310; x_wconf 88' lang='lat' dir='ltr'>omnis,</span> <span class='ocrx_word' id='word_1_454' title='bbox 1557 2238 1581 2295; x_wconf 87' lang='lat' dir='ltr'>si</span> <span class='ocrx_word' id='word_1_455' title='bbox 1599 2240 1685 2298; x_wconf 84' lang='lat' dir='ltr'>Filius</span> <span class='ocrx_word' id='word_1_456' title='bbox 1709 2257 1743 2298; x_wconf 86' lang='lat' dir='ltr'>ex</span> <span class='ocrx_word' id='word_1_457' title='bbox 1765 2257 1799 2299; x_wconf 93' lang='lat' dir='ltr'>co</span> 
     </span>
     <span class='ocr_line' id='line_1_53' title="bbox 994 2320 1744 2389; baseline -0.001 0"><span class='ocrx_word' id='word_1_458' title='bbox 994 2347 1055 2389; x_wconf 91' lang='lat' dir='ltr'>esse</span> <span class='ocrx_word' id='word_1_459' title='bbox 1069 2333 1205 2389; x_wconf 88' lang='lat' dir='ltr'>credatur.</span> <span class='ocrx_word' id='word_1_460' title='bbox 1609 2320 1613 2326; x_wconf 47' lang='lat'><strong>⁴</strong></span> <span class='ocrx_word' id='word_1_461' title='bbox 1741 2322 1744 2327; x_wconf 64' lang='grc'><em>’</em></span> 
     </span>
     <span class='ocr_line' id='line_1_54' title="bbox 1030 2429 1798 2503; baseline 0.007 -18"><span class='ocrx_word' id='word_1_462' title='bbox 1030 2431 1075 2485; x_wconf 74' lang='lat' dir='ltr'>dl.</span> <span class='ocrx_word' id='word_1_463' title='bbox 1088 2429 1215 2503; x_wconf 70' lang='lat' dir='ltr'>Perfruere</span> <span class='ocrx_word' id='word_1_464' title='bbox 1227 2432 1258 2486; x_wconf 86' lang='lat' dir='ltr'>de</span> <span class='ocrx_word' id='word_1_465' title='bbox 1274 2429 1344 2486; x_wconf 86' lang='lat' dir='ltr'>Filio</span> <span class='ocrx_word' id='word_1_466' title='bbox 1355 2430 1418 2501; x_wconf 75' lang='lat' dir='ltr'>fidei</span> <span class='ocrx_word' id='word_1_467' title='bbox 1427 2432 1558 2493; x_wconf 86' lang='lat' dir='ltr'>meritum.</span> <span class='ocrx_word' id='word_1_468' title='bbox 1573 2430 1625 2498; x_wconf 87' lang='lat' dir='ltr'>Qui</span> <span class='ocrx_word' id='word_1_469' title='bbox 1637 2441 1662 2488; x_wconf 85' lang='lat' dir='ltr'>et</span> <span class='ocrx_word' id='word_1_470' title='bbox 1675 2435 1798 2490; x_wconf 83' lang='lat' dir='ltr'>natiuita-</span> 
     </span>
     <span class='ocr_line' id='line_1_55' title="bbox 994 2523 1799 2598; baseline 0.005 -18"><span class='ocrx_word' id='word_1_471' title='bbox 994 2533 1043 2580; x_wconf 88' lang='lat' dir='ltr'>tem</span> <span class='ocrx_word' id='word_1_472' title='bbox 1056 2540 1088 2579; x_wconf 74' lang='lat' dir='ltr'>ex</span> <span class='ocrx_word' id='word_1_473' title='bbox 1100 2523 1178 2578; x_wconf 85' lang='lat' dir='ltr'>Putre</span> <span class='ocrx_word' id='word_1_474' title='bbox 1189 2533 1213 2578; x_wconf 90' lang='lat' dir='ltr'>et</span> <span class='ocrx_word' id='word_1_475' title='bbox 1226 2525 1363 2579; x_wconf 84' lang='lat' dir='ltr'>aduentum</span> <span class='ocrx_word' id='word_1_476' title='bbox 1376 2525 1410 2579; x_wconf 86' lang='lat' dir='ltr'>ud</span> <span class='ocrx_word' id='word_1_477' title='bbox 1424 2542 1469 2580; x_wconf 86' lang='lat' dir='ltr'>uos</span> <span class='ocrx_word' id='word_1_478' title='bbox 1490 2526 1642 2598; x_wconf 78' lang='lat' dir='ltr'>distingunt.</span> <span class='ocrx_word' id='word_1_479' title='bbox 1656 2557 1692 2568; x_wconf 89' lang='lat'>—</span> <span class='ocrx_word' id='word_1_480' title='bbox 1701 2527 1799 2589; x_wconf 85' lang='lat' dir='ltr'>Testa·</span> 
     </span>
     <span class='ocr_line' id='line_1_56' title="bbox 993 2600 1799 2696; baseline 0.009 -26"><span class='ocrx_word' id='word_1_481' title='bbox 993 2624 1038 2671; x_wconf 87' lang='lat' dir='ltr'>tur</span> <span class='ocrx_word' id='word_1_482' title='bbox 1050 2615 1101 2671; x_wconf 90' lang='lat' dir='ltr'>hoc</span> <span class='ocrx_word' id='word_1_483' title='bbox 1116 2617 1244 2681; x_wconf 88' lang='lat' dir='ltr'>Dominus</span> <span class='ocrx_word' id='word_1_484' title='bbox 1254 2616 1349 2672; x_wconf 87' lang='lat' dir='ltr'>diceus</span> <span class='ocrx_word' id='word_1_485' title='bbox 1365 2636 1372 2672; x_wconf 82' lang='lat' dir='ltr'>a</span> <span class='ocrx_word' id='word_1_486' title='bbox 1390 2617 1452 2671; x_wconf 89' lang='lat' dir='ltr'>Nou</span> <span class='ocrx_word' id='word_1_487' title='bbox 1468 2619 1551 2673; x_wconf 88' lang='lat' dir='ltr'>dicum</span> <span class='ocrx_word' id='word_1_488' title='bbox 1574 2600 1661 2691; x_wconf 81' lang='lat' dir='ltr'>uehis,</span> <span class='ocrx_word' id='word_1_489' title='bbox 1677 2623 1799 2696; x_wconf 82' lang='lat' dir='ltr'>quonium</span> 
     </span>
     <span class='ocr_line' id='line_1_57' title="bbox 994 2709 1802 2782; baseline 0.006 -17"><span class='ocrx_word' id='word_1_490' title='bbox 994 2727 1039 2782; x_wconf 80' lang='lat' dir='ltr'>epo</span> <span class='ocrx_word' id='word_1_491' title='bbox 1053 2709 1147 2782; x_wconf 78' lang='lat' dir='ltr'>inpube</span> <span class='ocrx_word' id='word_1_492' title='bbox 1162 2709 1266 2765; x_wconf 85' lang='lat' dir='ltr'>Putrem</span> <span class='ocrx_word' id='word_1_493' title='bbox 1280 2712 1410 2782; x_wconf 82' lang='lat' dir='ltr'>procedis</span> <span class='ocrx_word' id='word_1_494' title='bbox 1439 2730 1445 2767; x_wconf 94' lang='lat'>:</span> <span class='ocrx_word' id='word_1_495' title='bbox 1472 2712 1527 2782; x_wconf 87' lang='lat' dir='ltr'>ipse</span> <span class='ocrx_word' id='word_1_496' title='bbox 1551 2713 1620 2767; x_wconf 86' lang='lat' dir='ltr'>enim</span> <span class='ocrx_word' id='word_1_497' title='bbox 1636 2713 1802 2771; x_wconf 75' lang='lat' dir='ltr'>Paterentur</span> 
     </span>
     <span class='ocr_line' id='line_1_58' title="bbox 993 2786 1800 2888; baseline 0.01 -32"><span class='ocrx_word' id='word_1_498' title='bbox 993 2818 1053 2868; x_wconf 85' lang='lat' dir='ltr'>uos,</span> <span class='ocrx_word' id='word_1_499' title='bbox 1066 2803 1186 2872; x_wconf 76' lang='lat' dir='ltr'>quonium</span> <span class='ocrx_word' id='word_1_500' title='bbox 1201 2820 1244 2857; x_wconf 81' lang='lat' dir='ltr'>coa</span> <span class='ocrx_word' id='word_1_501' title='bbox 1255 2820 1295 2857; x_wconf 80' lang='lat' dir='ltr'>aare</span> <span class='ocrx_word' id='word_1_502' title='bbox 1307 2805 1409 2871; x_wconf 75' lang='lat' dir='ltr'>uirtutis,</span> <span class='ocrx_word' id='word_1_503' title='bbox 1428 2813 1451 2859; x_wconf 85' lang='lat' dir='ltr'>et</span> <span class='ocrx_word' id='word_1_504' title='bbox 1464 2805 1569 2859; x_wconf 83' lang='lat' dir='ltr'>creditis</span> <span class='ocrx_word' id='word_1_505' title='bbox 1583 2807 1705 2888; x_wconf 62' lang='lat' dir='ltr'>pagoniam</span> <span class='ocrx_word' id='word_1_506' title='bbox 1717 2824 1762 2881; x_wconf 80' lang='lat' dir='ltr'>epo</span> <span class='ocrx_word' id='word_1_507' title='bbox 1780 2786 1800 2864; x_wconf 30' lang='lat' dir='ltr'>&#39;u</span> 
     </span>
     <span class='ocr_line' id='line_1_59' title="bbox 994 2893 1795 2973; baseline 0.012 -25"><span class='ocrx_word' id='word_1_508' title='bbox 994 2893 1048 2949; x_wconf 83' lang='lat' dir='ltr'>Deo</span> <span class='ocrx_word' id='word_1_509' title='bbox 1064 2896 1139 2960; x_wconf 78' lang='lat' dir='ltr'>cxiii,</span> <span class='ocrx_word' id='word_1_510' title='bbox 1153 2905 1200 2950; x_wconf 87' lang='lat' dir='ltr'>ctu</span> <span class='ocrx_word' id='word_1_511' title='bbox 1214 2895 1292 2950; x_wconf 83' lang='lat' dir='ltr'>Putre</span> <span class='ocrx_word' id='word_1_512' title='bbox 1304 2899 1360 2952; x_wconf 83' lang='lat' dir='ltr'>uerri</span> <span class='ocrx_word' id='word_1_513' title='bbox 1370 2899 1397 2950; x_wconf 90' lang='lat' dir='ltr'>in</span> <span class='ocrx_word' id='word_1_514' title='bbox 1412 2898 1480 2952; x_wconf 81' lang='lat' dir='ltr'>laune</span> <span class='ocrx_word' id='word_1_515' title='bbox 1492 2898 1618 2954; x_wconf 74' lang='lat' dir='ltr'>meandum</span> <span class='ocrx_word' id='word_1_516' title='bbox 1634 2900 1722 2973; x_wconf 81' lang='lat' dir='ltr'>(doun.</span> <span class='ocrx_word' id='word_1_517' title='bbox 1739 2919 1795 2971; x_wconf 75' lang='grc' dir='ltr'>ιιι,</span> 
     </span>
     <span class='ocr_line' id='line_1_60' title="bbox 992 2968 1798 3061; baseline 0.014 -17"><span class='ocrx_word' id='word_1_518' title='bbox 992 2989 1027 3044; x_wconf 77' lang='lat' dir='ltr'>at</span> <span class='ocrx_word' id='word_1_519' title='bbox 1038 2999 1061 3046; x_wconf 85' lang='lat' dir='ltr'>et</span> <span class='ocrx_word' id='word_1_520' title='bbox 1075 2988 1411 3061; x_wconf 71' lang='lat' dir='ltr'>28).Caretapndl³ntrem</span> <span class='ocrx_word' id='word_1_521' title='bbox 1426 2994 1627 3051; x_wconf 87' lang='lat' dir='ltr'>intercessionis</span> <span class='ocrx_word' id='word_1_522' title='bbox 1637 2968 1798 3057; x_wconf 72' lang='lat' dir='ltr'>necessitate</span> 
     </span>
     <span class='ocr_line' id='line_1_61' title="bbox 993 3068 1794 3169; baseline 0.012 -32"><span class='ocrx_word' id='word_1_523' title='bbox 993 3082 1112 3155; x_wconf 85' lang='lat' dir='ltr'>perlecta</span> <span class='ocrx_word' id='word_1_524' title='bbox 1127 3081 1160 3138; x_wconf 90' lang='lat' dir='ltr'>dc</span> <span class='ocrx_word' id='word_1_525' title='bbox 1175 3082 1245 3169; x_wconf 84' lang='lat' dir='ltr'>Filip</span> <span class='ocrx_word' id='word_1_526' title='bbox 1257 3083 1342 3167; x_wconf 83' lang='lat' dir='ltr'>lides,</span> <span class='ocrx_word' id='word_1_527' title='bbox 1358 3101 1418 3157; x_wconf 78' lang='lat' dir='ltr'>quiae</span> <span class='ocrx_word' id='word_1_528' title='bbox 1429 3086 1500 3156; x_wconf 79' lang='lat' dir='ltr'>quand</span> <span class='ocrx_word' id='word_1_529' title='bbox 1516 3103 1530 3140; x_wconf 92' lang='lat' dir='ltr'>a</span> <span class='ocrx_word' id='word_1_530' title='bbox 1545 3088 1600 3169; x_wconf 75' lang='lat' dir='ltr'>lieo</span> <span class='ocrx_word' id='word_1_531' title='bbox 1614 3089 1712 3165; x_wconf 77' lang='lat' dir='ltr'>exierit</span> <span class='ocrx_word' id='word_1_532' title='bbox 1732 3068 1794 3164; x_wconf 74' lang='lat' dir='ltr'>ere·</span> 
     </span>
    </p>
   </div>
   <div class='ocr_carea' id='block_1_10' title="bbox 134 3173 1800 3259">
    <p class='ocr_par' dir='ltr' id='par_1_10' title="bbox 134 3173 1800 3259">
     <span class='ocr_line' id='line_1_62' title="bbox 134 3173 1800 3259; baseline 0.004 -24"><span class='ocrx_word' id='word_1_533' title='bbox 134 3182 217 3237; x_wconf 65' lang='grc' dir='ltr'>αἰεὶ.</span> <span class='ocrx_word' id='word_1_534' title='bbox 232 3179 381 3243; x_wconf 85' lang='lat' dir='ltr'>Omnibus,</span> <span class='ocrx_word' id='word_1_535' title='bbox 400 3177 499 3249; x_wconf 79' lang='lat' dir='ltr'>quihus</span> <span class='ocrx_word' id='word_1_536' title='bbox 519 3192 566 3246; x_wconf 90' lang='lat' dir='ltr'>per</span> <span class='ocrx_word' id='word_1_537' title='bbox 590 3175 669 3230; x_wconf 90' lang='lat' dir='ltr'>hdcm</span> <span class='ocrx_word' id='word_1_538' title='bbox 690 3175 761 3230; x_wconf 88' lang='lat' dir='ltr'>Deus</span> <span class='ocrx_word' id='word_1_539' title='bbox 784 3186 859 3244; x_wconf 87' lang='lat' dir='ltr'>pater</span> <span class='ocrx_word' id='word_1_540' title='bbox 883 3185 924 3230; x_wconf 82' lang='lat' dir='ltr'>est</span> <span class='ocrx_word' id='word_1_541' title='bbox 936 3174 979 3240; x_wconf 85' lang='lat' dir='ltr'>,C</span> <span class='ocrx_word' id='word_1_542' title='bbox 996 3173 1043 3228; x_wconf 93' lang='lat' dir='ltr'>dat</span> <span class='ocrx_word' id='word_1_543' title='bbox 1057 3184 1139 3244; x_wconf 79' lang='lat' dir='ltr'>atoue</span> <span class='ocrx_word' id='word_1_544' title='bbox 1150 3185 1222 3231; x_wconf 84' lang='lat' dir='ltr'>nutet</span> <span class='ocrx_word' id='word_1_545' title='bbox 1236 3194 1241 3229; x_wconf 93' lang='lat'><strong>:</strong></span> <span class='ocrx_word' id='word_1_546' title='bbox 1255 3185 1282 3231; x_wconf 93' lang='lat' dir='ltr'>et</span> <span class='ocrx_word' id='word_1_547' title='bbox 1298 3192 1347 3246; x_wconf 93' lang='lat' dir='ltr'>per</span> <span class='ocrx_word' id='word_1_548' title='bbox 1359 3193 1389 3232; x_wconf 89' lang='lat' dir='ltr'>se</span> <span class='ocrx_word' id='word_1_549' title='bbox 1400 3178 1456 3249; x_wconf 90' lang='lat' dir='ltr'>ipsa</span> <span class='ocrx_word' id='word_1_550' title='bbox 1467 3179 1522 3248; x_wconf 78' lang='lat' dir='ltr'>jam</span> <span class='ocrx_word' id='word_1_551' title='bbox 1534 3188 1561 3236; x_wconf 92' lang='lat' dir='ltr'>et</span> <span class='ocrx_word' id='word_1_552' title='bbox 1576 3180 1663 3235; x_wconf 89' lang='lat' dir='ltr'>audiri</span> <span class='ocrx_word' id='word_1_553' title='bbox 1679 3193 1800 3259; x_wconf 83' lang='lat' dir='ltr'>meretur</span> 
     </span>
    </p>
   </div>
   <div class='ocr_carea' id='block_1_11' title="bbox 134 3254 946 4275">
    <p class='ocr_par' dir='ltr' id='par_1_11' title="bbox 134 3254 946 4275">
     <span class='ocr_line' id='line_1_63' title="bbox 135 3254 945 3349; baseline -0.009 -20"><span class='ocrx_word' id='word_1_554' title='bbox 135 3291 189 3349; x_wconf 83' lang='lat' dir='ltr'>per</span> <span class='ocrx_word' id='word_1_555' title='bbox 202 3289 262 3329; x_wconf 87' lang='lat' dir='ltr'>earn</span> <span class='ocrx_word' id='word_1_556' title='bbox 276 3254 355 3328; x_wconf 84' lang='lat' dir='ltr'>tidem</span> <span class='ocrx_word' id='word_1_557' title='bbox 370 3280 446 3343; x_wconf 89' lang='lat' dir='ltr'>pater</span> <span class='ocrx_word' id='word_1_558' title='bbox 461 3278 519 3336; x_wconf 84' lang='lat' dir='ltr'>est,</span> <span class='ocrx_word' id='word_1_559' title='bbox 534 3285 585 3340; x_wconf 81' lang='lat' dir='ltr'>qua</span> <span class='ocrx_word' id='word_1_560' title='bbox 597 3270 689 3325; x_wconf 87' lang='lat' dir='ltr'>lesum</span> <span class='ocrx_word' id='word_1_561' title='bbox 701 3267 837 3324; x_wconf 85' lang='lat' dir='ltr'>Christum</span> <span class='ocrx_word' id='word_1_562' title='bbox 853 3269 899 3324; x_wconf 83' lang='lat' dir='ltr'>hei</span> <span class='ocrx_word' id='word_1_563' title='bbox 914 3269 945 3322; x_wconf 85' lang='lat' dir='ltr'>h-</span> 
     </span>
     <span class='ocr_line' id='line_1_64' title="bbox 134 3362 943 3426; baseline -0.011 0"><span class='ocrx_word' id='word_1_564' title='bbox 134 3364 390 3426; x_wconf 73' lang='lat' dir='ltr'>iurmconlitemur.</span> <span class='ocrx_word' id='word_1_565' title='bbox 417 3362 557 3420; x_wconf 88' lang='lat' dir='ltr'>Conliteri·</span> <span class='ocrx_word' id='word_1_566' title='bbox 574 3374 663 3419; x_wconf 86' lang='lat' dir='ltr'>autern</span> <span class='ocrx_word' id='word_1_567' title='bbox 690 3363 775 3418; x_wconf 86' lang='lat' dir='ltr'>hlhrm</span> <span class='ocrx_word' id='word_1_568' title='bbox 795 3364 943 3421; x_wconf 84' lang='lat' dir='ltr'>secundum</span> 
     </span>
     <span class='ocr_line' id='line_1_65' title="bbox 134 3455 944 3535; baseline -0.01 -17"><span class='ocrx_word' id='word_1_569' title='bbox 134 3461 268 3535; x_wconf 87' lang='lat' dir='ltr'>generale</span> <span class='ocrx_word' id='word_1_570' title='bbox 280 3469 435 3516; x_wconf 88' lang='lat' dir='ltr'>sauctorum</span> <span class='ocrx_word' id='word_1_571' title='bbox 449 3474 557 3522; x_wconf 84' lang='lat' dir='ltr'>nonron,</span> <span class='ocrx_word' id='word_1_572' title='bbox 569 3457 632 3530; x_wconf 78' lang='lat' dir='ltr'>quiid</span> <span class='ocrx_word' id='word_1_573' title='bbox 645 3456 725 3513; x_wconf 90' lang='lat' dir='ltr'>hahet</span> <span class='ocrx_word' id='word_1_574' title='bbox 742 3455 813 3524; x_wconf 88' lang='lat' dir='ltr'>lidci,</span> <span class='ocrx_word' id='word_1_575' title='bbox 828 3465 857 3512; x_wconf 93' lang='lat' dir='ltr'>ut</span> <span class='ocrx_word' id='word_1_576' title='bbox 871 3456 944 3512; x_wconf 87' lang='lat' dir='ltr'>dica-</span> 
     </span>
     <span class='ocr_line' id='line_1_66' title="bbox 135 3534 943 3635; baseline -0.002 -26"><span class='ocrx_word' id='word_1_577' title='bbox 135 3548 219 3619; x_wconf 86' lang='lat' dir='ltr'>t&#39;uus,</span> <span class='ocrx_word' id='word_1_578' title='bbox 234 3534 311 3608; x_wconf 88' lang='lat' dir='ltr'>Unus</span> <span class='ocrx_word' id='word_1_579' title='bbox 335 3567 368 3607; x_wconf 85' lang='lat' dir='ltr'>ex</span> <span class='ocrx_word' id='word_1_580' title='bbox 384 3550 445 3606; x_wconf 83' lang='lat' dir='ltr'>liliis</span> <span class='ocrx_word' id='word_1_581' title='bbox 459 3551 581 3608; x_wconf 84' lang='lat' dir='ltr'>estiScd</span> <span class='ocrx_word' id='word_1_582' title='bbox 605 3552 733 3635; x_wconf 70' lang='lat' dir='ltr'>nurrpquid</span> <span class='ocrx_word' id='word_1_583' title='bbox 761 3560 788 3606; x_wconf 94' lang='lat' dir='ltr'>et</span> <span class='ocrx_word' id='word_1_584' title='bbox 809 3553 901 3607; x_wconf 86' lang='lat' dir='ltr'>caeteri</span> <span class='ocrx_word' id='word_1_585' title='bbox 917 3552 943 3607; x_wconf 91' lang='lat' dir='ltr'>iu</span> 
     </span>
     <span class='ocr_line' id='line_1_67' title="bbox 135 3626 942 3715; baseline -0.002 -13"><span class='ocrx_word' id='word_1_586' title='bbox 135 3630 191 3702; x_wconf 78' lang='lat' dir='ltr'>luae</span> <span class='ocrx_word' id='word_1_587' title='bbox 201 3646 335 3702; x_wconf 79' lang='lat' dir='ltr'>creatorae</span> <span class='ocrx_word' id='word_1_588' title='bbox 348 3659 403 3700; x_wconf 83' lang='lat' dir='ltr'>suae</span> <span class='ocrx_word' id='word_1_589' title='bbox 416 3645 572 3700; x_wconf 90' lang='lat' dir='ltr'>iuhrmitato</span> <span class='ocrx_word' id='word_1_590' title='bbox 586 3659 638 3699; x_wconf 84' lang='lat' dir='ltr'>riou</span> <span class='ocrx_word' id='word_1_591' title='bbox 664 3626 711 3698; x_wconf 85' lang='lat' dir='ltr'>lilii</span> <span class='ocrx_word' id='word_1_592' title='bbox 725 3645 811 3700; x_wconf 89' lang='lat' dir='ltr'>sunt?</span> <span class='ocrx_word' id='word_1_593' title='bbox 832 3643 862 3699; x_wconf 93' lang='lat' dir='ltr'>lu</span> <span class='ocrx_word' id='word_1_594' title='bbox 890 3661 942 3715; x_wconf 78' lang='lat' dir='ltr'>quio</span> 
     </span>
     <span class='ocr_line' id='line_1_68' title="bbox 136 3735 944 3817; baseline -0.002 -22"><span class='ocrx_word' id='word_1_595' title='bbox 136 3755 205 3810; x_wconf 88' lang='lat' dir='ltr'>ergo</span> <span class='ocrx_word' id='word_1_596' title='bbox 218 3738 304 3793; x_wconf 90' lang='lat' dir='ltr'>lilium</span> <span class='ocrx_word' id='word_1_597' title='bbox 319 3735 367 3794; x_wconf 84' lang='lat' dir='ltr'>liei</span> <span class='ocrx_word' id='word_1_598' title='bbox 377 3737 471 3793; x_wconf 83' lang='lat' dir='ltr'>lesum</span> <span class='ocrx_word' id='word_1_599' title='bbox 485 3737 621 3792; x_wconf 89' lang='lat' dir='ltr'>Christum</span> <span class='ocrx_word' id='word_1_600' title='bbox 651 3736 718 3792; x_wconf 78' lang='lat' dir='ltr'>ludes</span> <span class='ocrx_word' id='word_1_601' title='bbox 738 3737 864 3797; x_wconf 83' lang='lat' dir='ltr'>conlcssa</span> <span class='ocrx_word' id='word_1_602' title='bbox 875 3753 944 3817; x_wconf 72' lang='lat' dir='ltr'>praa-</span> 
     </span>
     <span class='ocr_line' id='line_1_69' title="bbox 136 3829 943 3903; baseline -0.004 -14"><span class='ocrx_word' id='word_1_603' title='bbox 136 3831 231 3901; x_wconf 84' lang='lat' dir='ltr'>eellit,</span> <span class='ocrx_word' id='word_1_604' title='bbox 243 3847 304 3888; x_wconf 91' lang='lat' dir='ltr'>eum</span> <span class='ocrx_word' id='word_1_605' title='bbox 318 3831 392 3903; x_wconf 79' lang='lat' dir='ltr'>eild)</span> <span class='ocrx_word' id='word_1_606' title='bbox 406 3830 555 3887; x_wconf 84' lang='lat' dir='ltr'>seeundum</span> <span class='ocrx_word' id='word_1_607' title='bbox 570 3830 653 3899; x_wconf 90' lang='lat' dir='ltr'>lilios,</span> <span class='ocrx_word' id='word_1_608' title='bbox 671 3829 719 3886; x_wconf 90' lang='lat' dir='ltr'>hlil</span> <span class='ocrx_word' id='word_1_609' title='bbox 745 3846 798 3885; x_wconf 93' lang='lat' dir='ltr'>non</span> <span class='ocrx_word' id='word_1_610' title='bbox 826 3841 943 3901; x_wconf 89' lang='lat' dir='ltr'>natura,</span> 
     </span>
     <span class='ocr_line' id='line_1_70' title="bbox 138 3924 943 3999; baseline -0.006 -14"><span class='ocrx_word' id='word_1_611' title='bbox 138 3928 189 3985; x_wconf 77' lang='lat' dir='ltr'>sed</span> <span class='ocrx_word' id='word_1_612' title='bbox 205 3943 304 3984; x_wconf 86' lang='lat' dir='ltr'>nomeu</span> <span class='ocrx_word' id='word_1_613' title='bbox 316 3927 368 3982; x_wconf 86' lang='lat' dir='ltr'>siti</span> <span class='ocrx_word' id='word_1_614' title='bbox 381 3924 517 3983; x_wconf 90' lang='lat' dir='ltr'>Christum</span> <span class='ocrx_word' id='word_1_615' title='bbox 534 3924 702 3997; x_wconf 83' lang='lat' dir='ltr'>perfidiaista</span> <span class='ocrx_word' id='word_1_616' title='bbox 717 3941 769 3980; x_wconf 92' lang='lat' dir='ltr'>uon</span> <span class='ocrx_word' id='word_1_617' title='bbox 781 3924 882 3996; x_wconf 79' lang='lat' dir='ltr'>diligit,</span> <span class='ocrx_word' id='word_1_618' title='bbox 903 3925 943 3999; x_wconf 88' lang='grc' dir='ltr'>(Ι)</span> 
     </span>
     <span class='ocr_line' id='line_1_71' title="bbox 140 3998 945 4090; baseline -0.007 -14"><span class='ocrx_word' id='word_1_619' title='bbox 140 3998 194 4076; x_wconf 83' lang='grc' dir='ltr'>ιιεεΙ</span> <span class='ocrx_word' id='word_1_620' title='bbox 208 4019 267 4074; x_wconf 76' lang='lat' dir='ltr'>hace</span> <span class='ocrx_word' id='word_1_621' title='bbox 285 4017 368 4089; x_wconf 88' lang='lat' dir='ltr'>impia</span> <span class='ocrx_word' id='word_1_622' title='bbox 383 4017 515 4090; x_wconf 76' lang='lat' dir='ltr'>professio</span> <span class='ocrx_word' id='word_1_623' title='bbox 532 4019 573 4088; x_wconf 92' lang='lat' dir='ltr'>pie</span> <span class='ocrx_word' id='word_1_624' title='bbox 587 4017 638 4072; x_wconf 83' lang='lat' dir='ltr'>sihi</span> <span class='ocrx_word' id='word_1_625' title='bbox 666 4016 782 4073; x_wconf 82' lang='lat' dir='ltr'>assumit</span> <span class='ocrx_word' id='word_1_626' title='bbox 801 4018 883 4071; x_wconf 81' lang='lat' dir='ltr'>licum</span> <span class='ocrx_word' id='word_1_627' title='bbox 896 4032 945 4087; x_wconf 79' lang='lat' dir='ltr'>pa·</span> 
     </span>
     <span class='ocr_line' id='line_1_72' title="bbox 144 4109 943 4182; baseline -0.001 -14"><span class='ocrx_word' id='word_1_628' title='bbox 144 4112 291 4182; x_wconf 79' lang='lat' dir='ltr'>tremaquia</span> <span class='ocrx_word' id='word_1_629' title='bbox 299 4111 378 4166; x_wconf 77' lang='lat' dir='ltr'>sisihi</span> <span class='ocrx_word' id='word_1_630' title='bbox 387 4121 461 4180; x_wconf 87' lang='lat' dir='ltr'>pater</span> <span class='ocrx_word' id='word_1_631' title='bbox 470 4112 538 4165; x_wconf 82' lang='lat' dir='ltr'>heus</span> <span class='ocrx_word' id='word_1_632' title='bbox 547 4109 768 4176; x_wconf 86' lang='lat' dir='ltr'>essct,Clrristum</span> <span class='ocrx_word' id='word_1_633' title='bbox 776 4109 843 4166; x_wconf 93' lang='lat' dir='ltr'>ohid</span> <span class='ocrx_word' id='word_1_634' title='bbox 851 4110 943 4180; x_wconf 89' lang='lat' dir='ltr'>dilige·</span> 
     </span>
     <span class='ocr_line' id='line_1_73' title="bbox 143 4201 946 4275; baseline -0.005 -16"><span class='ocrx_word' id='word_1_635' title='bbox 143 4210 214 4269; x_wconf 88' lang='lat' dir='ltr'>rent,</span> <span class='ocrx_word' id='word_1_636' title='bbox 224 4203 429 4275; x_wconf 81' lang='lat' dir='ltr'>qrriaexissetex</span> <span class='ocrx_word' id='word_1_637' title='bbox 439 4203 602 4258; x_wconf 80' lang='lat' dir='ltr'>lieo.Exisse</span> <span class='ocrx_word' id='word_1_638' title='bbox 612 4201 777 4273; x_wconf 84' lang='lat' dir='ltr'>exileoquid</span> <span class='ocrx_word' id='word_1_639' title='bbox 788 4202 946 4272; x_wconf 87' lang='lat' dir='ltr'>sitrequiro.</span> 
     </span>
    </p>
   </div>
   <div class='ocr_carea' id='block_1_12' title="bbox 996 3269 1800 4273">
    <p class='ocr_par' dir='ltr' id='par_1_12' title="bbox 996 3269 1800 4273">
     <span class='ocr_line' id='line_1_74' title="bbox 996 3269 1792 3362; baseline 0.013 -38"><span class='ocrx_word' id='word_1_640' title='bbox 996 3276 1023 3324; x_wconf 90' lang='lat' dir='ltr'>et</span> <span class='ocrx_word' id='word_1_641' title='bbox 1036 3270 1132 3335; x_wconf 88' lang='lat' dir='ltr'>amari,</span> <span class='ocrx_word' id='word_1_642' title='bbox 1147 3280 1238 3324; x_wconf 88' lang='lat' dir='ltr'>natum</span> <span class='ocrx_word' id='word_1_643' title='bbox 1248 3285 1280 3324; x_wconf 90' lang='lat' dir='ltr'>ex</span> <span class='ocrx_word' id='word_1_644' title='bbox 1297 3269 1353 3326; x_wconf 82' lang='lat' dir='ltr'>lieo</span> <span class='ocrx_word' id='word_1_645' title='bbox 1369 3270 1465 3326; x_wconf 85' lang='lat' dir='ltr'>Filium</span> <span class='ocrx_word' id='word_1_646' title='bbox 1480 3273 1792 3362; x_wconf 75' lang='lat' dir='ltr'>missumpuucoplessa.</span> 
     </span>
     <span class='ocr_line' id='line_1_75' title="bbox 996 3359 1798 3441; baseline 0.011 -25"><span class='ocrx_word' id='word_1_647' title='bbox 996 3359 1128 3416; x_wconf 85' lang='lat' dir='ltr'>Natiuitas</span> <span class='ocrx_word' id='word_1_648' title='bbox 1157 3363 1246 3434; x_wconf 82' lang='lat' dir='ltr'>itaque</span> <span class='ocrx_word' id='word_1_649' title='bbox 1278 3362 1337 3433; x_wconf 86' lang='lat' dir='ltr'>ejus</span> <span class='ocrx_word' id='word_1_650' title='bbox 1362 3372 1389 3418; x_wconf 86' lang='grc' dir='ltr'>ει</span> <span class='ocrx_word' id='word_1_651' title='bbox 1411 3362 1544 3420; x_wconf 86' lang='lat' dir='ltr'>adrentus</span> <span class='ocrx_word' id='word_1_652' title='bbox 1565 3367 1718 3441; x_wconf 84' lang='lat' dir='ltr'>ostenditur</span> <span class='ocrx_word' id='word_1_653' title='bbox 1737 3383 1798 3427; x_wconf 87' lang='lat' dir='ltr'>eum</span> 
     </span>
     <span class='ocr_line' id='line_1_76' title="bbox 996 3444 1800 3529; baseline 0.007 -19"><span class='ocrx_word' id='word_1_654' title='bbox 996 3454 1195 3511; x_wconf 85' lang='lat' dir='ltr'>absolutissima</span> <span class='ocrx_word' id='word_1_655' title='bbox 1224 3455 1408 3526; x_wconf 76' lang='lat' dir='ltr'>significandae</span> <span class='ocrx_word' id='word_1_656' title='bbox 1431 3457 1605 3529; x_wconf 88' lang='lat' dir='ltr'>proprietatis</span> <span class='ocrx_word' id='word_1_657' title='bbox 1626 3444 1751 3522; x_wconf 73' lang='lat' dir='ltr'>veritate.</span> <span class='ocrx_word' id='word_1_658' title='bbox 1777 3461 1800 3515; x_wconf 85' lang='grc' dir='ltr'><em>Α</em></span> 
     </span>
     <span class='ocr_line' id='line_1_77' title="bbox 997 3551 1799 3636; baseline 0.006 -30"><span class='ocrx_word' id='word_1_659' title='bbox 997 3551 1069 3621; x_wconf 76' lang='lat' dir='ltr'>Dru,</span> <span class='ocrx_word' id='word_1_660' title='bbox 1086 3552 1137 3631; x_wconf 67' lang='lat' dir='ltr'>ait,</span> <span class='ocrx_word' id='word_1_661' title='bbox 1154 3552 1235 3618; x_wconf 81' lang='lat' dir='ltr'>exiui;</span> <span class='ocrx_word' id='word_1_662' title='bbox 1249 3567 1284 3607; x_wconf 89' lang='lat' dir='ltr'>ue</span> <span class='ocrx_word' id='word_1_663' title='bbox 1299 3552 1325 3605; x_wconf 92' lang='lat' dir='ltr'>in</span> <span class='ocrx_word' id='word_1_664' title='bbox 1339 3566 1373 3607; x_wconf 93' lang='lat' dir='ltr'>eo</span> <span class='ocrx_word' id='word_1_665' title='bbox 1387 3551 1439 3623; x_wconf 16' lang='lat' dir='ltr'>aliga</span> <span class='ocrx_word' id='word_1_666' title='bbox 1449 3567 1528 3624; x_wconf 90' lang='lat' dir='ltr'>quam</span> <span class='ocrx_word' id='word_1_667' title='bbox 1542 3552 1693 3636; x_wconf 73' lang='lat' dir='ltr'>nativitatis</span> <span class='ocrx_word' id='word_1_668' title='bbox 1703 3564 1799 3625; x_wconf 77' lang='lat' dir='ltr'>natura</span> 
     </span>
     <span class='ocr_line' id='line_1_78' title="bbox 996 3647 1798 3721; baseline 0.001 -17"><span class='ocrx_word' id='word_1_669' title='bbox 996 3663 1057 3704; x_wconf 90' lang='lat' dir='ltr'>esse</span> <span class='ocrx_word' id='word_1_670' title='bbox 1068 3648 1289 3708; x_wconf 78' lang='lat' dir='ltr'>existimaretur:</span> <span class='ocrx_word' id='word_1_671' title='bbox 1306 3662 1368 3701; x_wconf 90' lang='lat' dir='ltr'>cum</span> <span class='ocrx_word' id='word_1_672' title='bbox 1384 3647 1485 3703; x_wconf 86' lang='lat' dir='ltr'>exirea</span> <span class='ocrx_word' id='word_1_673' title='bbox 1499 3647 1570 3714; x_wconf 87' lang='lat' dir='ltr'>Deo,</span> <span class='ocrx_word' id='word_1_674' title='bbox 1585 3648 1683 3721; x_wconf 76' lang='lat' dir='ltr'>idest,</span> <span class='ocrx_word' id='word_1_675' title='bbox 1700 3665 1732 3705; x_wconf 85' lang='lat' dir='ltr'>ex</span> <span class='ocrx_word' id='word_1_676' title='bbox 1749 3664 1798 3719; x_wconf 79' lang='lat' dir='ltr'>na·</span> 
     </span>
     <span class='ocr_line' id='line_1_79' title="bbox 996 3738 1797 3814; baseline -0.002 -17"><span class='ocrx_word' id='word_1_677' title='bbox 996 3741 1101 3797; x_wconf 86' lang='lat' dir='ltr'>tixitate</span> <span class='ocrx_word' id='word_1_678' title='bbox 1118 3740 1283 3807; x_wconf 90' lang='lat' dir='ltr'>suhsistere,</span> <span class='ocrx_word' id='word_1_679' title='bbox 1300 3739 1364 3811; x_wconf 81' lang='lat' dir='ltr'>quiid</span> <span class='ocrx_word' id='word_1_680' title='bbox 1378 3738 1451 3793; x_wconf 88' lang='lat' dir='ltr'>alind</span> <span class='ocrx_word' id='word_1_681' title='bbox 1465 3754 1544 3811; x_wconf 81' lang='lat' dir='ltr'>quam</span> <span class='ocrx_word' id='word_1_682' title='bbox 1558 3739 1631 3797; x_wconf 82' lang='lat' dir='ltr'>licus</span> <span class='ocrx_word' id='word_1_683' title='bbox 1650 3740 1797 3814; x_wconf 64' lang='lat' dir='ltr'>(ilpnsseti</span> 
     </span>
     <span class='ocr_line' id='line_1_80' title="bbox 998 3816 1797 3915; baseline 0 -28"><span class='ocrx_word' id='word_1_684' title='bbox 998 3833 1055 3887; x_wconf 78' lang='lat' dir='ltr'>Eia</span> <span class='ocrx_word' id='word_1_685' title='bbox 1066 3832 1154 3900; x_wconf 84' lang='lat' dir='ltr'>Putre,</span> <span class='ocrx_word' id='word_1_686' title='bbox 1167 3830 1263 3905; x_wconf 88' lang='lat' dir='ltr'>iuquit,</span> <span class='ocrx_word' id='word_1_687' title='bbox 1273 3833 1329 3887; x_wconf 84' lang='lat' dir='ltr'>oeni</span> <span class='ocrx_word' id='word_1_688' title='bbox 1340 3832 1367 3885; x_wconf 89' lang='lat' dir='ltr'>iu</span> <span class='ocrx_word' id='word_1_689' title='bbox 1381 3833 1448 3886; x_wconf 83' lang='lat' dir='ltr'>iturae</span> <span class='ocrx_word' id='word_1_690' title='bbox 1463 3832 1598 3897; x_wconf 84' lang='lat' dir='ltr'>ururtdum.</span> <span class='ocrx_word' id='word_1_691' title='bbox 1610 3831 1645 3897; x_wconf 88' lang='lat' dir='ltr'>Ut</span> <span class='ocrx_word' id='word_1_692' title='bbox 1659 3816 1797 3915; x_wconf 63' lang='lat' dir='ltr'>stillulis</span> 
     </span>
     <span class='ocr_line' id='line_1_81' title="bbox 996 3926 1796 4007; baseline 0.005 -25"><span class='ocrx_word' id='word_1_693' title='bbox 996 3928 1210 3997; x_wconf 84' lang='lat' dir='ltr'>aDeonatiuitas</span> <span class='ocrx_word' id='word_1_694' title='bbox 1220 3927 1367 3999; x_wconf 82' lang='lat' dir='ltr'>significata</span> <span class='ocrx_word' id='word_1_695' title='bbox 1379 3941 1439 3983; x_wconf 87' lang='lat' dir='ltr'>esse</span> <span class='ocrx_word' id='word_1_696' title='bbox 1448 3926 1643 3998; x_wconf 83' lang='lat' dir='ltr'>intelligeretur</span> <span class='ocrx_word' id='word_1_697' title='bbox 1657 3942 1690 3985; x_wconf 88' lang='lat' dir='ltr'>ex</span> <span class='ocrx_word' id='word_1_698' title='bbox 1704 3927 1796 4007; x_wconf 62' lang='lat' dir='ltr'>Rape,</span> 
     </span>
     <span class='ocr_line' id='line_1_82' title="bbox 997 4015 1797 4087; baseline 0.004 -15"><span class='ocrx_word' id='word_1_699' title='bbox 997 4033 1011 4072; x_wconf 93' lang='lat' dir='ltr'>a</span> <span class='ocrx_word' id='word_1_700' title='bbox 1039 4018 1118 4072; x_wconf 81' lang='lat' dir='ltr'>Patre</span> <span class='ocrx_word' id='word_1_701' title='bbox 1142 4034 1172 4075; x_wconf 89' lang='lat' dir='ltr'>se</span> <span class='ocrx_word' id='word_1_702' title='bbox 1187 4020 1214 4073; x_wconf 90' lang='lat' dir='ltr'>in</span> <span class='ocrx_word' id='word_1_703' title='bbox 1228 4016 1440 4073; x_wconf 86' lang='lat' dir='ltr'>lnrncmundum</span> <span class='ocrx_word' id='word_1_704' title='bbox 1452 4015 1591 4087; x_wconf 78' lang='lat' dir='ltr'>professus</span> <span class='ocrx_word' id='word_1_705' title='bbox 1610 4028 1653 4074; x_wconf 91' lang='lat' dir='ltr'>est</span> <span class='ocrx_word' id='word_1_706' title='bbox 1678 4020 1797 4077; x_wconf 86' lang='lat' dir='ltr'>venisse.</span> 
     </span>
     <span class='ocr_line' id='line_1_83' title="bbox 997 4108 1800 4195; baseline 0.002 -31"><span class='ocrx_word' id='word_1_707' title='bbox 997 4109 1120 4166; x_wconf 88' lang='lat' dir='ltr'>lllterum</span> <span class='ocrx_word' id='word_1_708' title='bbox 1135 4110 1224 4181; x_wconf 87' lang='lat' dir='ltr'>itaque</span> <span class='ocrx_word' id='word_1_709' title='bbox 1239 4111 1266 4165; x_wconf 91' lang='lat' dir='ltr'>in</span> <span class='ocrx_word' id='word_1_710' title='bbox 1280 4109 1499 4180; x_wconf 89' lang='lat' dir='ltr'>dispensatione,</span> <span class='ocrx_word' id='word_1_711' title='bbox 1511 4110 1627 4165; x_wconf 92' lang='lat' dir='ltr'>alterum</span> <span class='ocrx_word' id='word_1_712' title='bbox 1651 4108 1683 4195; x_wconf 64' lang='lat' dir='ltr'>iu¹</span> <span class='ocrx_word' id='word_1_713' title='bbox 1704 4119 1800 4193; x_wconf 88' lang='lat' dir='ltr'>natura</span> 
     </span>
     <span class='ocr_line' id='line_1_84' title="bbox 999 4197 1799 4273; baseline 0 -15"><span class='ocrx_word' id='word_1_714' title='bbox 999 4213 1051 4259; x_wconf 92' lang='lat' dir='ltr'>cst.</span> <span class='ocrx_word' id='word_1_715' title='bbox 1066 4203 1121 4258; x_wconf 90' lang='lat' dir='ltr'>Nec</span> <span class='ocrx_word' id='word_1_716' title='bbox 1133 4204 1233 4273; x_wconf 88' lang='lat' dir='ltr'>patitur</span> <span class='ocrx_word' id='word_1_717' title='bbox 1243 4202 1389 4259; x_wconf 82' lang='lat' dir='ltr'>exitionem</span> <span class='ocrx_word' id='word_1_718' title='bbox 1403 4201 1547 4257; x_wconf 80' lang='lat' dir='ltr'>adrentum</span> <span class='ocrx_word' id='word_1_719' title='bbox 1563 4197 1725 4270; x_wconf 89' lang='lat' dir='ltr'>existimari,</span> <span class='ocrx_word' id='word_1_720' title='bbox 1737 4219 1799 4260; x_wconf 85' lang='lat' dir='ltr'>crim</span> 
     </span>
    </p>
   </div>
   <div class='ocr_carea' id='block_1_13' title="bbox 146 4294 1802 4558">
    <p class='ocr_par' dir='ltr' id='par_1_13' title="bbox 146 4294 1802 4558">
     <span class='ocr_line' id='line_1_85' title="bbox 146 4294 1800 4368; baseline 0.001 -17"><span class='ocrx_word' id='word_1_721' title='bbox 146 4294 203 4352; x_wconf 81' lang='lat' dir='ltr'>lion</span> <span class='ocrx_word' id='word_1_722' title='bbox 229 4296 320 4366; x_wconf 80' lang='lat' dir='ltr'>tutique</span> <span class='ocrx_word' id='word_1_723' title='bbox 346 4295 399 4352; x_wconf 90' lang='lat' dir='ltr'>dici</span> <span class='ocrx_word' id='word_1_724' title='bbox 423 4304 519 4366; x_wconf 87' lang='lat' dir='ltr'>potest,</span> <span class='ocrx_word' id='word_1_725' title='bbox 538 4297 667 4366; x_wconf 86' lang='lat' dir='ltr'>idipsum</span> <span class='ocrx_word' id='word_1_726' title='bbox 689 4311 749 4352; x_wconf 85' lang='lat' dir='ltr'>esse</span> <span class='ocrx_word' id='word_1_727' title='bbox 769 4311 783 4350; x_wconf 90' lang='lat' dir='ltr'>a</span> <span class='ocrx_word' id='word_1_728' title='bbox 798 4295 852 4352; x_wconf 83' lang='lat' dir='ltr'>Deo</span> <span class='ocrx_word' id='word_1_729' title='bbox 861 4295 949 4352; x_wconf 77' lang='lat' dir='ltr'>exisse</span> <span class='ocrx_word' id='word_1_730' title='bbox 1001 4306 1063 4368; x_wconf 88' lang='lat' dir='ltr'>post</span> <span class='ocrx_word' id='word_1_731' title='bbox 1075 4296 1222 4352; x_wconf 87' lang='lat' dir='ltr'>exitionem</span> <span class='ocrx_word' id='word_1_732' title='bbox 1233 4312 1247 4350; x_wconf 94' lang='lat' dir='ltr'>a</span> <span class='ocrx_word' id='word_1_733' title='bbox 1258 4297 1331 4365; x_wconf 79' lang='lat' dir='ltr'>Deo,</span> <span class='ocrx_word' id='word_1_734' title='bbox 1346 4296 1492 4352; x_wconf 86' lang='lat' dir='ltr'>aduentum</span> <span class='ocrx_word' id='word_1_735' title='bbox 1506 4308 1703 4355; x_wconf 89' lang='lat' dir='ltr'>commemoret</span> <span class='ocrx_word' id='word_1_736' title='bbox 1717 4312 1732 4354; x_wconf 89' lang='lat' dir='ltr'>a</span> <span class='ocrx_word' id='word_1_737' title='bbox 1746 4298 1800 4353; x_wconf 86' lang='lat' dir='ltr'>Pa·</span> 
     </span>
     <span class='ocr_line' id='line_1_86' title="bbox 149 4386 1802 4461; baseline 0.004 -18"><span class='ocrx_word' id='word_1_738' title='bbox 149 4386 187 4459; x_wconf 70' lang='grc'>(1)</span> <span class='ocrx_word' id='word_1_739' title='bbox 198 4389 247 4461; x_wconf 83' lang='grc' dir='ltr'>(ε),</span> <span class='ocrx_word' id='word_1_740' title='bbox 257 4390 327 4460; x_wconf 82' lang='lat' dir='ltr'>qnod</span> <span class='ocrx_word' id='word_1_741' title='bbox 337 4396 365 4444; x_wconf 92' lang='lat' dir='ltr'>et</span> <span class='ocrx_word' id='word_1_742' title='bbox 374 4388 490 4456; x_wconf 77' lang='lat' dir='ltr'>venisse3</span> <span class='ocrx_word' id='word_1_743' title='bbox 501 4405 561 4444; x_wconf 89' lang='lat' dir='ltr'>uam</span> <span class='ocrx_word' id='word_1_744' title='bbox 573 4389 872 4461; x_wconf 82' lang='lat' dir='ltr'>utrumquesignihcat:</span> <span class='ocrx_word' id='word_1_745' title='bbox 882 4389 951 4456; x_wconf 76' lang='lat' dir='ltr'>Quo</span> <span class='ocrx_word' id='word_1_746' title='bbox 1003 4401 1053 4446; x_wconf 88' lang='lat' dir='ltr'>tre.</span> <span class='ocrx_word' id='word_1_747' title='bbox 1066 4393 1088 4447; x_wconf 85' lang='lat' dir='ltr'>h</span> <span class='ocrx_word' id='word_1_748' title='bbox 1101 4391 1264 4447; x_wconf 85' lang='lat' dir='ltr'>Patreenim</span> <span class='ocrx_word' id='word_1_749' title='bbox 1280 4392 1403 4459; x_wconf 83' lang='lat' dir='ltr'>uenisse,</span> <span class='ocrx_word' id='word_1_750' title='bbox 1419 4402 1446 4447; x_wconf 89' lang='lat' dir='ltr'>et</span> <span class='ocrx_word' id='word_1_751' title='bbox 1460 4407 1493 4447; x_wconf 89' lang='lat' dir='ltr'>ex</span> <span class='ocrx_word' id='word_1_752' title='bbox 1507 4393 1562 4448; x_wconf 87' lang='lat' dir='ltr'>Deo</span> <span class='ocrx_word' id='word_1_753' title='bbox 1572 4393 1680 4460; x_wconf 85' lang='lat' dir='ltr'>exisse,</span> <span class='ocrx_word' id='word_1_754' title='bbox 1696 4402 1802 4450; x_wconf 74' lang='lat' dir='ltr'>iuuerest</span> 
     </span>
     <span class='ocr_line' id='line_1_87' title="bbox 151 4470 1800 4558; baseline 0.004 -24"><span class='ocrx_word' id='word_1_755' title='bbox 151 4482 217 4535; x_wconf 84' lang='lat' dir='ltr'>nium</span> <span class='ocrx_word' id='word_1_756' title='bbox 228 4497 245 4535; x_wconf 85' lang='lat' dir='ltr'>u</span> <span class='ocrx_word' id='word_1_757' title='bbox 255 4480 311 4536; x_wconf 84' lang='lat' dir='ltr'>Deo</span> <span class='ocrx_word' id='word_1_758' title='bbox 336 4482 413 4549; x_wconf 78' lang='lat' dir='ltr'>calui,</span> <span class='ocrx_word' id='word_1_759' title='bbox 427 4491 449 4536; x_wconf 85' lang='lat' dir='ltr'>et</span> <span class='ocrx_word' id='word_1_760' title='bbox 471 4484 539 4537; x_wconf 81' lang='lat' dir='ltr'>uerri.</span> <span class='ocrx_word' id='word_1_761' title='bbox 555 4483 587 4538; x_wconf 82' lang='lat' dir='ltr'>Et</span> <span class='ocrx_word' id='word_1_762' title='bbox 600 4483 747 4538; x_wconf 89' lang='lat' dir='ltr'>osteudens</span> <span class='ocrx_word' id='word_1_763' title='bbox 758 4481 821 4552; x_wconf 90' lang='lat' dir='ltr'>quid</span> <span class='ocrx_word' id='word_1_764' title='bbox 834 4491 908 4539; x_wconf 84' lang='lat' dir='ltr'>esset</span> <span class='ocrx_word' id='word_1_765' title='bbox 932 4470 1207 4557; x_wconf 87' lang='lat' dir='ltr'>uDsignilieationis</span> <span class='ocrx_word' id='word_1_766' title='bbox 1220 4485 1342 4555; x_wconf 78' lang='lat' dir='ltr'>eittsdem</span> <span class='ocrx_word' id='word_1_767' title='bbox 1357 4491 1403 4541; x_wconf 91' lang='lat' dir='ltr'>:ct</span> <span class='ocrx_word' id='word_1_768' title='bbox 1416 4495 1546 4557; x_wconf 87' lang='lat' dir='ltr'>quantum</span> <span class='ocrx_word' id='word_1_769' title='bbox 1557 4485 1669 4542; x_wconf 89' lang='lat' dir='ltr'>interest</span> <span class='ocrx_word' id='word_1_770' title='bbox 1681 4482 1721 4558; x_wconf 84' lang='lat' dir='ltr'>(j)</span> <span class='ocrx_word' id='word_1_771' title='bbox 1736 4500 1800 4540; x_wconf 89' lang='lat' dir='ltr'>nas-</span> 
     </span>
    </p>
   </div>
   <div class='ocr_carea' id='block_1_14' title="bbox 189 4637 1176 4782">
    <p class='ocr_par' dir='ltr' id='par_1_14' title="bbox 189 4637 1176 4782">
     <span class='ocr_line' id='line_1_88' title="bbox 189 4637 1176 4782; baseline -0.008 -80"><span class='ocrx_word' id='word_1_772' title='bbox 189 4644 226 4720; x_wconf 86' lang='grc'>(1)</span> <span class='ocrx_word' id='word_1_773' title='bbox 241 4644 297 4700; x_wconf 84' lang='grc' dir='ltr'>Νεε</span> <span class='ocrx_word' id='word_1_774' title='bbox 310 4644 392 4717; x_wconf 84' lang='lat' dir='ltr'>impio</span> <span class='ocrx_word' id='word_1_775' title='bbox 403 4643 529 4719; x_wconf 73' lang='lat' dir='ltr'>proscenio</span> <span class='ocrx_word' id='word_1_776' title='bbox 544 4642 585 4713; x_wconf 83' lang='lat' dir='ltr'>pie</span> <span class='ocrx_word' id='word_1_777' title='bbox 599 4641 649 4727; x_wconf 78' lang='lat' dir='ltr'>sihi</span> <span class='ocrx_word' id='word_1_778' title='bbox 661 4640 778 4696; x_wconf 83' lang='lat' dir='ltr'>adsumet</span> <span class='ocrx_word' id='word_1_779' title='bbox 793 4639 879 4695; x_wconf 84' lang='lat' dir='ltr'>Deum</span> <span class='ocrx_word' id='word_1_780' title='bbox 890 4637 944 4694; x_wconf 81' lang='lat' dir='ltr'>Po·</span> <span class='ocrx_word' id='word_1_781' title='bbox 1030 4638 1071 4782; x_wconf 63' lang='lat' dir='ltr'>pi)</span> <span class='ocrx_word' id='word_1_782' title='bbox 1087 4639 1176 4695; x_wconf 80' lang='lat' dir='ltr'>liciae.</span> 
     </span>
    </p>
   </div>
   <div class='ocr_carea' id='block_1_15' title="bbox 157 4708 1806 5852">
    <p class='ocr_par' dir='ltr' id='par_1_15' title="bbox 157 4708 1806 5852">
     <span class='ocr_line' id='line_1_89' title="bbox 157 4708 1580 4783; baseline -0.001 -17"><span class='ocrx_word' id='word_1_783' title='bbox 157 4728 220 4777; x_wconf 61' lang='lat' dir='ltr'>pm,</span> <span class='ocrx_word' id='word_1_784' title='bbox 1041 4713 1069 4783; x_wconf 78' lang='grc'>5)</span> <span class='ocrx_word' id='word_1_785' title='bbox 1080 4711 1189 4766; x_wconf 85' lang='lat' dir='ltr'>Dilectiu</span> <span class='ocrx_word' id='word_1_786' title='bbox 1204 4711 1231 4765; x_wconf 89' lang='lat' dir='ltr'>iu</span> <span class='ocrx_word' id='word_1_787' title='bbox 1241 4708 1347 4767; x_wconf 81' lang='lat' dir='ltr'>Putrem</span> <span class='ocrx_word' id='word_1_788' title='bbox 1358 4711 1440 4767; x_wconf 79' lang='lat' dir='ltr'>earinis</span> <span class='ocrx_word' id='word_1_789' title='bbox 1450 4710 1511 4766; x_wconf 81' lang='lat' dir='ltr'>hiuc</span> <span class='ocrx_word' id='word_1_790' title='bbox 1522 4711 1580 4767; x_wconf 87' lang='lat' dir='ltr'>erit.</span> 
     </span>
     <span class='ocr_line' id='line_1_90' title="bbox 198 4847 1801 4935; baseline -0.007 -20"><span class='ocrx_word' id='word_1_791' title='bbox 198 4861 262 4935; x_wconf 73' lang='lat' dir='ltr'>nlld</span> <span class='ocrx_word' id='word_1_792' title='bbox 275 4867 335 4928; x_wconf 87' lang='lat' dir='ltr'>est,</span> <span class='ocrx_word' id='word_1_793' title='bbox 349 4857 421 4930; x_wconf 85' lang='lat' dir='ltr'>quod</span> <span class='ocrx_word' id='word_1_794' title='bbox 437 4857 475 4925; x_wconf 79' lang='lat' dir='ltr'>ait</span> <span class='ocrx_word' id='word_1_795' title='bbox 488 4856 606 4928; x_wconf 88' lang='lat' dir='ltr'>ignorari</span> <span class='ocrx_word' id='word_1_796' title='bbox 622 4856 693 4912; x_wconf 90' lang='lat' dir='ltr'>unde</span> <span class='ocrx_word' id='word_1_797' title='bbox 706 4855 764 4929; x_wconf 91' lang='lat' dir='ltr'>ipse</span> <span class='ocrx_word' id='word_1_798' title='bbox 775 4854 820 4909; x_wconf 91' lang='lat' dir='ltr'>sit.</span> <span class='ocrx_word' id='word_1_799' title='bbox 1035 4849 1076 4923; x_wconf 86' lang='lat' dir='ltr'>(d)</span> <span class='ocrx_word' id='word_1_800' title='bbox 1093 4852 1168 4922; x_wconf 75' lang='lat' dir='ltr'>Apud</span> <span class='ocrx_word' id='word_1_801' title='bbox 1181 4851 1227 4906; x_wconf 85' lang='lat' dir='ltr'>Er.</span> <span class='ocrx_word' id='word_1_802' title='bbox 1244 4851 1270 4906; x_wconf 91' lang='lat' dir='ltr'>iu</span> <span class='ocrx_word' id='word_1_803' title='bbox 1286 4852 1423 4921; x_wconf 87' lang='lat' dir='ltr'>margine,</span> <span class='ocrx_word' id='word_1_804' title='bbox 1447 4851 1589 4906; x_wconf 75' lang='lat' dir='ltr'>secumdum</span> <span class='ocrx_word' id='word_1_805' title='bbox 1611 4850 1672 4907; x_wconf 85' lang='lat' dir='ltr'>illua</span> <span class='ocrx_word' id='word_1_806' title='bbox 1695 4865 1704 4904; x_wconf 91' lang='lat'>.·</span> <span class='ocrx_word' id='word_1_807' title='bbox 1726 4847 1801 4918; x_wconf 80' lang='lat' dir='ltr'>qnod</span> 
     </span>
     <span class='ocr_line' id='line_1_91' title="bbox 197 4920 1802 5004; baseline -0.009 -17"><span class='ocrx_word' id='word_1_808' title='bbox 197 4932 381 5004; x_wconf 77' lang='lat' dir='ltr'>ileliti,qniu</span> <span class='ocrx_word' id='word_1_809' title='bbox 392 4930 539 4984; x_wconf 76' lang='lat' dir='ltr'>nescientes.</span> <span class='ocrx_word' id='word_1_810' title='bbox 557 4928 653 4985; x_wconf 82' lang='lat' dir='ltr'>Verius</span> <span class='ocrx_word' id='word_1_811' title='bbox 662 4940 727 4982; x_wconf 88' lang='lat' dir='ltr'>mss.</span> <span class='ocrx_word' id='word_1_812' title='bbox 740 4927 783 4997; x_wconf 81' lang='lat' dir='ltr'>pati</span> <span class='ocrx_word' id='word_1_813' title='bbox 792 4925 946 4980; x_wconf 78' lang='lat' dir='ltr'>nescientes:</span> <span class='ocrx_word' id='word_1_814' title='bbox 1000 4922 1097 4978; x_wconf 86' lang='lat' dir='ltr'>deiude</span> <span class='ocrx_word' id='word_1_815' title='bbox 1112 4940 1126 4976; x_wconf 87' lang='lat' dir='ltr'>a</span> <span class='ocrx_word' id='word_1_816' title='bbox 1139 4922 1233 4993; x_wconf 85' lang='lat' dir='ltr'>Lipsio</span> <span class='ocrx_word' id='word_1_817' title='bbox 1258 4934 1411 4992; x_wconf 85' lang='lat' dir='ltr'>arreptum,</span> <span class='ocrx_word' id='word_1_818' title='bbox 1436 4920 1499 4976; x_wconf 81' lang='lat' dir='ltr'>Par.</span> <span class='ocrx_word' id='word_1_819' title='bbox 1524 4920 1645 4977; x_wconf 89' lang='lat' dir='ltr'>retinuit.</span> <span class='ocrx_word' id='word_1_820' title='bbox 1671 4920 1802 4995; x_wconf 77' lang='lat' dir='ltr'>Restitui-</span> 
     </span>
     <span class='ocr_line' id='line_1_92' title="bbox 159 4985 1802 5072; baseline -0.005 -15"><span class='ocrx_word' id='word_1_821' title='bbox 159 4992 331 5072; x_wconf 56' lang='lat' dir='ltr'>put&#39;uiruirum</span> <span class='ocrx_word' id='word_1_822' title='bbox 357 5015 408 5057; x_wconf 87' lang='lat' dir='ltr'>nec</span> <span class='ocrx_word' id='word_1_823' title='bbox 434 5000 618 5069; x_wconf 78' lang='lat' dir='ltr'>intelligentiae</span> <span class='ocrx_word' id='word_1_824' title='bbox 642 4999 774 5053; x_wconf 87' lang='lat' dir='ltr'>rationem</span> <span class='ocrx_word' id='word_1_825' title='bbox 805 5006 947 5067; x_wconf 78' lang='lat' dir='ltr'>quianunt,</span> <span class='ocrx_word' id='word_1_826' title='bbox 1001 5010 1060 5050; x_wconf 88' lang='lat' dir='ltr'>mus</span> <span class='ocrx_word' id='word_1_827' title='bbox 1073 5009 1104 5049; x_wconf 82' lang='lat' dir='ltr'>cx</span> <span class='ocrx_word' id='word_1_828' title='bbox 1123 4993 1187 5050; x_wconf 82' lang='lat' dir='ltr'>und.</span> <span class='ocrx_word' id='word_1_829' title='bbox 1204 5003 1231 5049; x_wconf 94' lang='lat' dir='ltr'>et</span> <span class='ocrx_word' id='word_1_830' title='bbox 1244 5009 1310 5047; x_wconf 83' lang='lat' dir='ltr'>mss.</span> <span class='ocrx_word' id='word_1_831' title='bbox 1326 4992 1464 5047; x_wconf 80' lang='lat' dir='ltr'>secumdum</span> <span class='ocrx_word' id='word_1_832' title='bbox 1473 4985 1612 5062; x_wconf 64' lang='lat' dir='ltr'>filiculam</span> <span class='ocrx_word' id='word_1_833' title='bbox 1621 4999 1680 5061; x_wconf 88' lang='lat' dir='ltr'>est,</span> <span class='ocrx_word' id='word_1_834' title='bbox 1697 4992 1732 5051; x_wconf 88' lang='lat' dir='ltr'>ad</span> <span class='ocrx_word' id='word_1_835' title='bbox 1744 5006 1802 5049; x_wconf 82' lang='lat' dir='ltr'>tito·</span> 
     </span>
     <span class='ocr_line' id='line_1_93' title="bbox 161 5065 1381 5142; baseline -0.007 -15"><span class='ocrx_word' id='word_1_836' title='bbox 161 5088 201 5131; x_wconf 90' lang='lat' dir='ltr'>nec</span> <span class='ocrx_word' id='word_1_837' title='bbox 215 5076 248 5132; x_wconf 88' lang='lat' dir='ltr'>ah</span> <span class='ocrx_word' id='word_1_838' title='bbox 271 5074 333 5130; x_wconf 86' lang='lat' dir='ltr'>aliis</span> <span class='ocrx_word' id='word_1_839' title='bbox 347 5073 497 5129; x_wconf 89' lang='lat' dir='ltr'>intimatam</span> <span class='ocrx_word' id='word_1_840' title='bbox 521 5073 646 5142; x_wconf 87' lang='lat' dir='ltr'>capiunt,</span> <span class='ocrx_word' id='word_1_841' title='bbox 676 5079 705 5128; x_wconf 88' lang='lat' dir='ltr'>ut</span> <span class='ocrx_word' id='word_1_842' title='bbox 728 5070 843 5141; x_wconf 79' lang='lat' dir='ltr'>hahetur</span> <span class='ocrx_word' id='word_1_843' title='bbox 867 5083 948 5138; x_wconf 88' lang='lat' dir='ltr'>snpra</span> <span class='ocrx_word' id='word_1_844' title='bbox 1001 5067 1064 5122; x_wconf 90' lang='lat' dir='ltr'>dum</span> <span class='ocrx_word' id='word_1_845' title='bbox 1076 5077 1236 5121; x_wconf 65' lang='lat' dir='ltr'>caeterorum</span> <span class='ocrx_word' id='word_1_846' title='bbox 1253 5065 1381 5135; x_wconf 82' lang='lat' dir='ltr'>liliorum.</span> 
     </span>
     <span class='ocr_line' id='line_1_94' title="bbox 160 5135 1753 5207; baseline -0.006 -7"><span class='ocrx_word' id='word_1_847' title='bbox 160 5161 222 5203; x_wconf 87' lang='lat' dir='ltr'>uum.</span> <span class='ocrx_word' id='word_1_848' title='bbox 238 5147 281 5202; x_wconf 84' lang='grc'>15.</span> <span class='ocrx_word' id='word_1_849' title='bbox 590 5144 593 5151; x_wconf 90' lang='grc'><strong>’</strong></span> <span class='ocrx_word' id='word_1_850' title='bbox 1050 5138 1074 5207; x_wconf 81' lang='grc' dir='ltr'>ε)</span> <span class='ocrx_word' id='word_1_851' title='bbox 1091 5139 1157 5193; x_wconf 84' lang='lat' dir='ltr'>&#39;l&#39;res</span> <span class='ocrx_word' id='word_1_852' title='bbox 1173 5152 1238 5191; x_wconf 83' lang='lat' dir='ltr'>iuss.</span> <span class='ocrx_word' id='word_1_853' title='bbox 1251 5136 1326 5191; x_wconf 85' lang='lat' dir='ltr'>Colh.</span> <span class='ocrx_word' id='word_1_854' title='bbox 1342 5151 1403 5191; x_wconf 94' lang='lat' dir='ltr'>eum</span> <span class='ocrx_word' id='word_1_855' title='bbox 1415 5135 1495 5193; x_wconf 89' lang='lat' dir='ltr'>Caro.</span> <span class='ocrx_word' id='word_1_856' title='bbox 1513 5146 1539 5192; x_wconf 91' lang='lat' dir='ltr'>et</span> <span class='ocrx_word' id='word_1_857' title='bbox 1553 5136 1657 5206; x_wconf 85' lang='lat' dir='ltr'>Germ,</span> <span class='ocrx_word' id='word_1_858' title='bbox 1673 5138 1753 5193; x_wconf 82' lang='lat' dir='ltr'>euire.</span> 
     </span>
     <span class='ocr_line' id='line_1_95' title="bbox 188 5145 1805 5291; baseline -0.005 -19"><span class='ocrx_word' id='word_1_859' title='bbox 188 5214 220 5291; x_wconf 77' lang='lat' dir='ltr'>se)</span> <span class='ocrx_word' id='word_1_860' title='bbox 235 5217 378 5285; x_wconf 71' lang='lat' dir='ltr'>lI&#39;r.,Lips.</span> <span class='ocrx_word' id='word_1_861' title='bbox 394 5224 422 5272; x_wconf 89' lang='lat' dir='ltr'>et</span> <span class='ocrx_word' id='word_1_862' title='bbox 433 5214 493 5269; x_wconf 89' lang='lat' dir='ltr'>Par.</span> <span class='ocrx_word' id='word_1_863' title='bbox 508 5216 552 5291; x_wconf 72' lang='lat' dir='ltr'>apd</span> <span class='ocrx_word' id='word_1_864' title='bbox 568 5231 595 5268; x_wconf 87' lang='lat' dir='ltr'>se</span> <span class='ocrx_word' id='word_1_865' title='bbox 610 5214 657 5270; x_wconf 79' lang='lat' dir='ltr'>het</span> <span class='ocrx_word' id='word_1_866' title='bbox 672 5215 740 5283; x_wconf 75' lang='lat' dir='ltr'>filios</span> <span class='ocrx_word' id='word_1_867' title='bbox 758 5220 904 5279; x_wconf 88' lang='lat' dir='ltr'>:corrupte</span> <span class='ocrx_word' id='word_1_868' title='bbox 919 5226 950 5267; x_wconf 91' lang='lat' dir='ltr'>ac</span> <span class='ocrx_word' id='word_1_869' title='bbox 1038 5145 1072 5283; x_wconf 51' lang='lat' dir='ltr'>is)</span> <span class='ocrx_word' id='word_1_870' title='bbox 1089 5209 1165 5281; x_wconf 61' lang='lat' dir='ltr'>laips.</span> <span class='ocrx_word' id='word_1_871' title='bbox 1181 5219 1208 5263; x_wconf 88' lang='grc' dir='ltr'>ει</span> <span class='ocrx_word' id='word_1_872' title='bbox 1224 5209 1297 5275; x_wconf 71' lang='lat' dir='ltr'>Pam,</span> <span class='ocrx_word' id='word_1_873' title='bbox 1314 5224 1432 5281; x_wconf 77' lang='lat' dir='ltr'>hoiense</span> <span class='ocrx_word' id='word_1_874' title='bbox 1446 5226 1453 5261; x_wconf 75' lang='grc' dir='ltr'>ε</span> <span class='ocrx_word' id='word_1_875' title='bbox 1468 5210 1663 5270; x_wconf 78' lang='lat' dir='ltr'>reluctantibus</span> <span class='ocrx_word' id='word_1_876' title='bbox 1690 5209 1757 5279; x_wconf 34' lang='lat' dir='ltr'>aliis,¹</span> <span class='ocrx_word' id='word_1_877' title='bbox 1771 5209 1805 5264; x_wconf 89' lang='lat' dir='ltr'>li-</span> 
     </span>
     <span class='ocr_line' id='line_1_96' title="bbox 161 5276 1801 5357; baseline -0.002 -17"><span class='ocrx_word' id='word_1_878' title='bbox 161 5284 255 5350; x_wconf 81' lang='lat' dir='ltr'>xuhlata</span> <span class='ocrx_word' id='word_1_879' title='bbox 267 5290 294 5353; x_wconf 83' lang='lat' dir='ltr'>ui</span> <span class='ocrx_word' id='word_1_880' title='bbox 309 5290 392 5343; x_wconf 91' lang='lat' dir='ltr'>tutius</span> <span class='ocrx_word' id='word_1_881' title='bbox 403 5287 564 5357; x_wconf 81' lang='lat' dir='ltr'>argumenti.</span> <span class='ocrx_word' id='word_1_882' title='bbox 581 5285 620 5340; x_wconf 91' lang='lat' dir='ltr'>lhi</span> <span class='ocrx_word' id='word_1_883' title='bbox 637 5289 754 5357; x_wconf 68' lang='lat' dir='ltr'>quippe,</span> <span class='ocrx_word' id='word_1_884' title='bbox 785 5295 811 5339; x_wconf 91' lang='lat' dir='ltr'>ct</span> <span class='ocrx_word' id='word_1_885' title='bbox 834 5298 897 5354; x_wconf 75' lang='lat' dir='ltr'>atrox</span> <span class='ocrx_word' id='word_1_886' title='bbox 922 5284 948 5336; x_wconf 86' lang='lat' dir='ltr'>in</span> <span class='ocrx_word' id='word_1_887' title='bbox 1003 5279 1068 5335; x_wconf 76' lang='lat' dir='ltr'>hris.</span> <span class='ocrx_word' id='word_1_888' title='bbox 1086 5282 1171 5335; x_wconf 70' lang='lat' dir='ltr'>Purrro</span> <span class='ocrx_word' id='word_1_889' title='bbox 1187 5276 1289 5335; x_wconf 85' lang='lat' dir='ltr'>llilario</span> <span class='ocrx_word' id='word_1_890' title='bbox 1304 5280 1464 5335; x_wconf 85' lang='lat' dir='ltr'>vocabulum</span> <span class='ocrx_word' id='word_1_891' title='bbox 1480 5282 1553 5352; x_wconf 79' lang='lat' dir='ltr'>origo</span> <span class='ocrx_word' id='word_1_892' title='bbox 1568 5295 1640 5352; x_wconf 86' lang='lat' dir='ltr'>saepe</span> <span class='ocrx_word' id='word_1_893' title='bbox 1654 5281 1725 5338; x_wconf 83' lang='lat' dir='ltr'>idern</span> <span class='ocrx_word' id='word_1_894' title='bbox 1741 5291 1801 5350; x_wconf 89' lang='lat' dir='ltr'>est,</span> 
     </span>
     <span class='ocr_line' id='line_1_97' title="bbox 159 5345 1340 5433; baseline -0.011 -16"><span class='ocrx_word' id='word_1_895' title='bbox 159 5345 209 5430; x_wconf 72' lang='lat' dir='ltr'>iis,</span> <span class='ocrx_word' id='word_1_896' title='bbox 221 5362 290 5433; x_wconf 84' lang='lat' dir='ltr'>quod</span> <span class='ocrx_word' id='word_1_897' title='bbox 308 5377 336 5415; x_wconf 82' lang='lat' dir='ltr'>ae</span> <span class='ocrx_word' id='word_1_898' title='bbox 360 5376 411 5414; x_wconf 81' lang='lat' dir='ltr'>raon</span> <span class='ocrx_word' id='word_1_899' title='bbox 426 5359 574 5429; x_wconf 77' lang='lat' dir='ltr'>diligerent,</span> <span class='ocrx_word' id='word_1_900' title='bbox 586 5358 679 5412; x_wconf 78' lang='lat' dir='ltr'>romula</span> <span class='ocrx_word' id='word_1_901' title='bbox 707 5372 733 5410; x_wconf 84' lang='lat' dir='ltr'>se</span> <span class='ocrx_word' id='word_1_902' title='bbox 757 5357 790 5410; x_wconf 87' lang='lat' dir='ltr'>ud</span> <span class='ocrx_word' id='word_1_903' title='bbox 811 5351 947 5426; x_wconf 85' lang='lat' dir='ltr'>Christum</span> <span class='ocrx_word' id='word_1_904' title='bbox 1003 5353 1075 5422; x_wconf 79' lang='lat' dir='ltr'>qiroul</span> <span class='ocrx_word' id='word_1_905' title='bbox 1087 5351 1165 5407; x_wconf 92' lang='lat' dir='ltr'>nohis</span> <span class='ocrx_word' id='word_1_906' title='bbox 1176 5353 1340 5424; x_wconf 82' lang='lat' dir='ltr'>priiuipium.</span> 
     </span>
     <span class='ocr_line' id='line_1_98' title="bbox 158 5422 1806 5514; baseline -0.007 -25"><span class='ocrx_word' id='word_1_907' title='bbox 158 5428 281 5502; x_wconf 62' lang='lat' dir='ltr'>telettum</span> <span class='ocrx_word' id='word_1_908' title='bbox 296 5441 441 5514; x_wconf 83' lang='lat' dir='ltr'>uroneupre</span> <span class='ocrx_word' id='word_1_909' title='bbox 454 5429 569 5485; x_wconf 84' lang='lat' dir='ltr'>llilarius</span> <span class='ocrx_word' id='word_1_910' title='bbox 581 5445 634 5484; x_wconf 91' lang='lat' dir='ltr'>uon</span> <span class='ocrx_word' id='word_1_911' title='bbox 646 5429 813 5503; x_wconf 84' lang='lat' dir='ltr'>improbatus</span> <span class='ocrx_word' id='word_1_912' title='bbox 826 5441 872 5481; x_wconf 88' lang='lat' dir='ltr'>eos</span> <span class='ocrx_word' id='word_1_913' title='bbox 884 5425 950 5480; x_wconf 91' lang='lat' dir='ltr'>inis·</span> <span class='ocrx_word' id='word_1_914' title='bbox 1034 5423 1080 5505; x_wconf 71' lang='lat' dir='ltr'>lp)</span> <span class='ocrx_word' id='word_1_915' title='bbox 1097 5424 1179 5480; x_wconf 83' lang='lat' dir='ltr'>lictus</span> <span class='ocrx_word' id='word_1_916' title='bbox 1193 5424 1279 5505; x_wconf 79' lang='lat' dir='ltr'>codex</span> <span class='ocrx_word' id='word_1_917' title='bbox 1292 5424 1319 5477; x_wconf 85' lang='lat' dir='ltr'>S.</span> <span class='ocrx_word' id='word_1_918' title='bbox 1336 5423 1442 5479; x_wconf 88' lang='lat' dir='ltr'>llartini</span> <span class='ocrx_word' id='word_1_919' title='bbox 1458 5422 1571 5487; x_wconf 82' lang='lat' dir='ltr'>Toron,</span> <span class='ocrx_word' id='word_1_920' title='bbox 1596 5423 1656 5494; x_wconf 76' lang='lat' dir='ltr'>graio</span> <span class='ocrx_word' id='word_1_921' title='bbox 1678 5423 1701 5480; x_wconf 84' lang='lat' dir='ltr'>ai</span> <span class='ocrx_word' id='word_1_922' title='bbox 1722 5423 1806 5479; x_wconf 87' lang='lat' dir='ltr'>oderit</span> 
     </span>
     <span class='ocr_line' id='line_1_99' title="bbox 159 5492 1385 5575; baseline -0.011 -14"><span class='ocrx_word' id='word_1_923' title='bbox 159 5517 199 5569; x_wconf 81' lang='lat' dir='ltr'>se,</span> <span class='ocrx_word' id='word_1_924' title='bbox 211 5506 255 5575; x_wconf 85' lang='lat' dir='ltr'>qui</span> <span class='ocrx_word' id='word_1_925' title='bbox 270 5519 333 5559; x_wconf 88' lang='lat' dir='ltr'>cum</span> <span class='ocrx_word' id='word_1_926' title='bbox 344 5503 479 5557; x_wconf 82' lang='lat' dir='ltr'>Christum</span> <span class='ocrx_word' id='word_1_927' title='bbox 494 5499 541 5559; x_wconf 85' lang='lat' dir='ltr'>Dei</span> <span class='ocrx_word' id='word_1_928' title='bbox 557 5500 639 5554; x_wconf 83' lang='lat' dir='ltr'>hliuni</span> <span class='ocrx_word' id='word_1_929' title='bbox 664 5513 690 5555; x_wconf 83' lang='lat' dir='ltr'>et</span> <span class='ocrx_word' id='word_1_930' title='bbox 719 5501 914 5556; x_wconf 72' lang='lat' dir='ltr'>enuntiarentur</span> <span class='ocrx_word' id='word_1_931' title='bbox 925 5504 953 5552; x_wconf 92' lang='lat' dir='ltr'>et</span> <span class='ocrx_word' id='word_1_932' title='bbox 1006 5492 1124 5557; x_wconf 77' lang='lat' dir='ltr'>Filium,</span> <span class='ocrx_word' id='word_1_933' title='bbox 1142 5495 1222 5549; x_wconf 80' lang='lat' dir='ltr'>oderat</span> <span class='ocrx_word' id='word_1_934' title='bbox 1234 5505 1256 5548; x_wconf 83' lang='lat' dir='ltr'>et</span> <span class='ocrx_word' id='word_1_935' title='bbox 1271 5492 1385 5548; x_wconf 78' lang='lat' dir='ltr'>Putrem.</span> 
     </span>
     <span class='ocr_line' id='line_1_100' title="bbox 158 5565 1660 5641; baseline -0.005 -11"><span class='ocrx_word' id='word_1_936' title='bbox 158 5574 295 5640; x_wconf 77' lang='lat' dir='ltr'>iurarent,</span> <span class='ocrx_word' id='word_1_937' title='bbox 312 5576 397 5633; x_wconf 78' lang='lat' dir='ltr'>ilerum</span> <span class='ocrx_word' id='word_1_938' title='bbox 412 5572 464 5628; x_wconf 78' lang='lat' dir='ltr'>sihi</span> <span class='ocrx_word' id='word_1_939' title='bbox 476 5582 578 5641; x_wconf 88' lang='lat' dir='ltr'>patrem</span> <span class='ocrx_word' id='word_1_940' title='bbox 607 5572 739 5627; x_wconf 90' lang='lat' dir='ltr'>dicerent.</span> <span class='ocrx_word' id='word_1_941' title='bbox 766 5570 885 5625; x_wconf 84' lang='lat' dir='ltr'>Pessime</span> <span class='ocrx_word' id='word_1_942' title='bbox 908 5584 955 5623; x_wconf 91' lang='lat' dir='ltr'>au·</span> <span class='ocrx_word' id='word_1_943' title='bbox 1041 5566 1079 5636; x_wconf 83' lang='lat' dir='ltr'>(h)</span> <span class='ocrx_word' id='word_1_944' title='bbox 1092 5568 1136 5622; x_wconf 86' lang='lat' dir='ltr'>Sic</span> <span class='ocrx_word' id='word_1_945' title='bbox 1149 5565 1268 5636; x_wconf 90' lang='lat' dir='ltr'>potiores</span> <span class='ocrx_word' id='word_1_946' title='bbox 1279 5565 1349 5620; x_wconf 83' lang='lat' dir='ltr'>libri.</span> <span class='ocrx_word' id='word_1_947' title='bbox 1366 5565 1416 5620; x_wconf 83' lang='lat' dir='ltr'>alit</span> <span class='ocrx_word' id='word_1_948' title='bbox 1432 5580 1514 5632; x_wconf 84' lang='lat' dir='ltr'>veru,</span> <span class='ocrx_word' id='word_1_949' title='bbox 1530 5566 1588 5639; x_wconf 79' lang='lat' dir='ltr'>ltine</span> <span class='ocrx_word' id='word_1_950' title='bbox 1603 5569 1660 5624; x_wconf 86' lang='lat' dir='ltr'>erit.</span> 
     </span>
     <span class='ocr_line' id='line_1_101' title="bbox 158 5633 1552 5714; baseline -0.009 -10"><span class='ocrx_word' id='word_1_951' title='bbox 158 5650 206 5714; x_wconf 77' lang='lat' dir='ltr'>lim</span> <span class='ocrx_word' id='word_1_952' title='bbox 225 5647 287 5703; x_wconf 84' lang='lat' dir='ltr'>l&#39;at.</span> <span class='ocrx_word' id='word_1_953' title='bbox 307 5647 365 5707; x_wconf 87' lang='lat' dir='ltr'>has.</span> <span class='ocrx_word' id='word_1_954' title='bbox 393 5660 444 5701; x_wconf 87' lang='lat' dir='ltr'>ms.</span> <span class='ocrx_word' id='word_1_955' title='bbox 463 5646 507 5699; x_wconf 91' lang='lat' dir='ltr'>hie</span> <span class='ocrx_word' id='word_1_956' title='bbox 529 5648 609 5700; x_wconf 90' lang='lat' dir='ltr'>ctiam</span> <span class='ocrx_word' id='word_1_957' title='bbox 635 5644 736 5699; x_wconf 82' lang='lat' dir='ltr'>hahens</span> <span class='ocrx_word' id='word_1_958' title='bbox 758 5642 847 5713; x_wconf 75' lang='lat' dir='ltr'>filios,</span> <span class='ocrx_word' id='word_1_959' title='bbox 864 5649 955 5708; x_wconf 81' lang='lat' dir='ltr'>postea</span> <span class='ocrx_word' id='word_1_960' title='bbox 1045 5637 1078 5709; x_wconf 86' lang='lat' dir='ltr'>(i)</span> <span class='ocrx_word' id='word_1_961' title='bbox 1091 5640 1120 5694; x_wconf 92' lang='lat' dir='ltr'>lu</span> <span class='ocrx_word' id='word_1_962' title='bbox 1134 5654 1185 5692; x_wconf 83' lang='lat' dir='ltr'>itis.</span> <span class='ocrx_word' id='word_1_963' title='bbox 1199 5637 1289 5700; x_wconf 77' lang='lat' dir='ltr'>hiant,</span> <span class='ocrx_word' id='word_1_964' title='bbox 1304 5652 1379 5707; x_wconf 82' lang='lat' dir='ltr'>qttttm</span> <span class='ocrx_word' id='word_1_965' title='bbox 1394 5633 1465 5691; x_wconf 82' lang='lat' dir='ltr'>Deus</span> <span class='ocrx_word' id='word_1_966' title='bbox 1478 5648 1552 5692; x_wconf 84' lang='lat' dir='ltr'>essct.</span> 
     </span>
     <span class='ocr_line' id='line_1_102' title="bbox 157 5707 1806 5789; baseline -0.006 -15"><span class='ocrx_word' id='word_1_967' title='bbox 157 5714 283 5789; x_wconf 82' lang='lat' dir='ltr'>s&#39;uhjieit,</span> <span class='ocrx_word' id='word_1_968' title='bbox 303 5712 447 5773; x_wconf 82' lang='lat' dir='ltr'>rronrolum</span> <span class='ocrx_word' id='word_1_969' title='bbox 457 5714 630 5787; x_wconf 78' lang='lat' dir='ltr'>improbauit,</span> <span class='ocrx_word' id='word_1_970' title='bbox 647 5731 696 5788; x_wconf 93' lang='lat' dir='ltr'>pro</span> <span class='ocrx_word' id='word_1_971' title='bbox 711 5731 761 5770; x_wconf 79' lang='lat' dir='ltr'>riou</span> <span class='ocrx_word' id='word_1_972' title='bbox 775 5711 926 5783; x_wconf 80' lang='lat' dir='ltr'>improbauit</span> <span class='ocrx_word' id='word_1_973' title='bbox 947 5726 956 5765; x_wconf 92' lang='lat'><em>:</em></span> <span class='ocrx_word' id='word_1_974' title='bbox 1042 5711 1051 5780; x_wconf 81' lang='grc'>1</span> <span class='ocrx_word' id='word_1_975' title='bbox 1059 5708 1087 5783; x_wconf 77' lang='lat' dir='ltr'>j)</span> <span class='ocrx_word' id='word_1_976' title='bbox 1103 5707 1224 5779; x_wconf 77' lang='lat' dir='ltr'>Excusi,</span> <span class='ocrx_word' id='word_1_977' title='bbox 1241 5708 1307 5762; x_wconf 85' lang='lat' dir='ltr'>iuter</span> <span class='ocrx_word' id='word_1_978' title='bbox 1317 5709 1405 5774; x_wconf 86' lang='lat' dir='ltr'>nusci,·</span> <span class='ocrx_word' id='word_1_979' title='bbox 1421 5716 1448 5782; x_wconf 83' lang='lat' dir='ltr'>ct</span> <span class='ocrx_word' id='word_1_980' title='bbox 1459 5725 1539 5778; x_wconf 79' lang='lat' dir='ltr'>uranx,</span> <span class='ocrx_word' id='word_1_981' title='bbox 1554 5712 1581 5769; x_wconf 87' lang='lat' dir='ltr'>iu</span> <span class='ocrx_word' id='word_1_982' title='bbox 1592 5711 1733 5783; x_wconf 78' lang='lat' dir='ltr'>iudstuutiu</span> <span class='ocrx_word' id='word_1_983' title='bbox 1760 5726 1806 5766; x_wconf 89' lang='lat' dir='ltr'>nu·</span> 
     </span>
     <span class='ocr_line' id='line_1_103' title="bbox 157 5776 1657 5852; baseline -0.007 -5"><span class='ocrx_word' id='word_1_984' title='bbox 157 5799 275 5849; x_wconf 85' lang='lat' dir='ltr'>erratum</span> <span class='ocrx_word' id='word_1_985' title='bbox 289 5805 323 5846; x_wconf 86' lang='lat' dir='ltr'>ex</span> <span class='ocrx_word' id='word_1_986' title='bbox 337 5798 436 5846; x_wconf 78' lang='lat' dir='ltr'>cuuto.</span> <span class='ocrx_word' id='word_1_987' title='bbox 1005 5781 1111 5835; x_wconf 80' lang='lat' dir='ltr'>tinitnu&#39;x</span> <span class='ocrx_word' id='word_1_988' title='bbox 1127 5782 1220 5846; x_wconf 75' lang='lat' dir='ltr'>caiam,</span> <span class='ocrx_word' id='word_1_989' title='bbox 1233 5779 1305 5834; x_wconf 86' lang='lat' dir='ltr'>uliud</span> <span class='ocrx_word' id='word_1_990' title='bbox 1317 5776 1579 5852; x_wconf 62' lang='lat' dir='ltr'>decrescentium</span> <span class='ocrx_word' id='word_1_991' title='bbox 1592 5799 1657 5841; x_wconf 83' lang='lat' dir='ltr'>mss.</span> 
     </span>
    </p>
   </div>
   <div class='ocr_carea' id='block_1_16' title="bbox 0 0 1946 6132">
    <p class='ocr_par' dir='ltr' id='par_1_16' title="bbox 0 0 1946 6132">
     <span class='ocr_line' id='line_1_104' title="bbox 0 0 1946 6132; baseline 0 0"><span class='ocrx_word' id='word_1_992' title='bbox 0 0 1946 6132; x_wconf 95' lang='lat' dir='ltr'> </span> 
     </span>
    </p>
   </div>
  </div>
 </body>
</html>
