3884 6136
127 228 164 282 ti
851 220 1047 283 PRAEFdTlO.
1748 238 1783 293 ιι

124 341 217 411 gorius
230 337 357 394 Naziaua.
369 336 415 395 Or.
432 355 486 404 rm,
504 354 531 393 ιι.
555 339 583 406 3,
597 338 692 417 'spetu-
707 347 752 400 cfr,-
763 341 855 413 μανίας
869 341 971 402 inira
987 342 1052 396 ritus
1075 341 1160 397 saneti
1187 342 1337 400 divinitate.
1364 345 1412 401 llic
1435 361 1487 402 neo
1510 347 1634 405 ridentur
1659 353 1781 416 tacenda,

123 454 225 508 nopae:
241 448 271 485 uc
286 448 394 487 rursnin
408 431 455 487 Or.
471 447 545 494 xxix,
562 448 589 485 u.
605 431 636 498 l,
654 432 723 487 lianc
736 441 835 487 sectarii
854 441 931 488 uocat

125 537 172 589 τήν
189 527 285 606 'Apris-o
299 526 382 588 καλῶς
398 527 581 598 ὀνομασθεῖσαν
607 527 710 598 μανίαν,
728 525 778 580 lioe
791 533 844 594 esi,
859 526 900 594 ul
920 556 931 566 ·

125 637 186 674 rore
198 629 264 674 recte
278 617 495 690 coquoiiiiuataai.
516 615 613 685 Quidni
636 617 716 673 etiam
731 617 840 687 impiae
862 628 929 673 tein-

127 713 316 784 perinte-dicta
330 714 377 781 sit,
391 728 475 782 quma
488 711 588 769 dilecto
603 712 671 767 Tillo
682 713 788 769 Patrem
802 713 932 784 optimum

101 859 107 867 ,
125 805 289 875 separabor?
307 804 427 874 benique
443 802 560 861 llilaiius
575 807 632 874 ipse
645 805 695 860 sibi
710 806 836 861 conscius
849 819 929 876 quam

128 900 269 953 iunileeite
284 897 317 953 iis
328 896 406 952 libris
416 910 447 951 ae
462 905 517 950 torn
532 898 622 953 exsilii
633 898 673 953 sui
690 905 813 968 ternpore
828 912 858 952 se
870 911 932 969 ges-

132 992 224 1053 sisset,
241 987 285 1043 ulii
308 988 439 1044 nilversus
461 985 648 1043 Constantium
671 987 807 1044 scribendi
820 984 934 1059 quadam

131 1084 296 1138 necessitate
309 1097 339 1136 se
355 1080 535 1136 constrictum
558 1080 634 1145 volit,
661 1081 745 1135 libere
765 1087 936 1135 contestatus

132 1185 175 1230 est
190 1177 256 1229 nibil
273 1189 329 1229 ase
353 1173 483 1228 lineteuus
510 1175 537 1226 in
551 1181 664 1244 tempora
677 1171 849 1234 maledictum,
872 1168 938 1225 nibil

134 1268 162 1323 iri
174 1286 242 1336 eisin,
259 1283 316 1339 que
329 1277 381 1321 tum
404 1283 431 1320 se
454 1264 550 1321 Claristi
577 1262 718 1319 Ecclesiam
738 1264 937 1318 mentiebatur...

135 1365 269 1433 [acriorum
290 1377 320 1414 ar
334 1360 440 1432 diqaum
453 1359 584 1429 impietate
606 1359 722 1430 ipsorum
745 1357 879 1428 scripsisse
892 1364 937 1409 aut

136 1455 253 1511 locutum
277 1470 330 1508 esse
344 1449 411 1525 (Lib.
425 1454 452 1505 in
466 1449 553 1505 Coiirt.
571 1467 642 1506 rinni.
658 1447 698 1522 ⁶2).
716 1449 772 1504 Nou
788 1448 866 1519 igitur
880 1445 939 1502 siue

131 1563 214 1604 caiisa
228 1541 423 1602 crediderimus
436 1560 509 1609 eum,
526 1542 570 1614 qni
592 1539 755 1624 itaqallectus
776 1551 845 1606 erat,
862 1538 938 1596 lucii·

130 1641 271 1698 erutiones
288 1648 353 1694 suas
363 1646 454 1692 eontra
469 1636 577 1691 drionor
588 1636 697 1690 minime
709 1632 890 1703 inscripsisse.

984 453 1043 506 quse
1057 439 1090 492 sd
1104 434 1167 493 dieti
1181 437 1241 492 libri
1256 453 1291 492 ιιι
1315 449 1503 510 argumentum
1524 442 1549 496 in
1564 444 1652 512 primo
1677 443 1781 508 scribit.

985 545 1015 585 se
1027 530 1152 585 nimirum
1170 531 1279 586 vitiosas
1302 541 1329 587 et
1342 531 1507 603 irreligiosus
1522 534 1556 590 de
1578 535 1679 606 Spiritu
1692 549 1785 593 saneto

986 619 1192 689 praedicationes
1214 621 1247 677 ud
1262 621 1312 679 boe
1326 626 1470 693 amovisse,
1486 638 1514 680 at
1528 627 1637 683 illusum
1653 640 1728 700 atque
1741 631 1783 685 iri-

986 715 1186 769 contaminatum
1199 718 1373 790 regenerantis
1386 735 1539 777 ruimraris
1548 737 1734 779 sacramentarii
1746 727 1785 781 in·

986 818 1027 863 tra
1039 808 1214 878 definitionem
1239 811 1377 866 salinarem
1392 814 1533 884 apostolica
1553 825 1627 886 atque
1641 817 1787 887 euanqelica

987 901 1125 956 aaretoritas
1147 904 1300 966 eorummet:
1323 921 1404 974 neque
1420 907 1477 978 jain
1503 925 1548 977 per
1572 926 1661 964 seusus
1682 909 1788 966 liuiiiaiii

988 995 1139 1048 senteutiam
1162 994 1290 1066 Spiritum
1307 995 1353 1050 Dei
1367 997 1432 1052 iuter
1456 1009 1585 1055 creaturos
1596 1002 1730 1072 quisquam
1742 1020 1789 1057 au·

989 1087 1059 1142 deret
1071 1092 1177 1160 referre,
1197 1106 1270 1160 quein
1283 1089 1318 1144 ad
1340 1091 1540 1148 imnrortalr'tntis
1555 1095 1646 1165 piquns
1660 1107 1683 1149 et
1703 1095 1737 1149 od
1750 1097 1790 1150 dr'-

990 1179 1055 1233 rime
1068 1188 1167 1234 iraturoe
1179 1182 1334 1236 corisortr'uni
1352 1199 1510 1239 sunrcremus
1521 1183 1590 1256 (Lib.
1606 1201 1623 1252 i,
1640 1204 1667 1241 n.
1679 1186 1735 1257 36).
1753 1188 1790 1243 lix

992 1268 1033 1325 bis
1045 1270 1118 1326 enim
1133 1273 1218 1341 palam
1235 1273 1274 1342 su,
1290 1289 1351 1330 eum
1363 1273 1436 1332 hisce
1450 1276 1527 1331 libris
1542 1279 1715 1348 regenerantis
1729 1277 1790 1333 Tri·
1811 1253 1819 1270 ’

991 1363 1078 1417 iiitatis
1093 1374 1281 1420 sacramentnm
1302 1365 1450 1423 ileleudere
1469 1367 1599 1434 uoluisse,
1624 1380 1653 1424 ut
1674 1368 1739 1424 riiliil
1760 1370 1792 1425 ele

992 1456 1069 1511 totius
1081 1456 1143 1527 fidei
1158 1459 1195 1530 (in
1208 1457 1341 1529 baptismo
1354 1456 1497 1532 suscepte)
1510 1459 1670 1517 absolutione
1685 1463 1790 1521 deesset.

1029 1545 1086 1603 itti.
1108 1547 1236 1620 Spiritum
1250 1562 1369 1605 sanctum
1392 1551 1476 1606 Deum
1499 1570 1551 1608 non
1563 1555 1692 1608 nominari
1704 1571 1795 1628 perpe·

993 1658 1048 1697 rain
1062 1652 1132 1697 notat
1140 1640 1272 1699 Errantes.
1287 1674 1322 1685 -
1334 1645 1447 1701 Erasino
1457 1645 1501 1701 liic
1512 1662 1565 1701 nou
1579 1662 1739 1704 succensere
1748 1648 1795 1704 vix

168 1733 204 1789 x.
226 1730 409 1801 inscriptions
422 1728 569 1784 Tumulus
584 1727 938 1783 relinetida·-bliuu⁵⁰⁰tl·
957 1735 1170 1804 Bsnstineiiius,
1193 1739 1227 1791 de
1249 1737 1329 1791 docto
1353 1737 1468 1805 praesule
1497 1747 1602 1805 nostro,
1626 1748 1654 1795 et
1676 1738 1794 1811 antiquis

131 1836 232 1882 statari
249 1842 300 1879 ooo
315 1825 346 1877 de
367 1824 419 1893 pile
440 1839 487 1877 eos
511 1818 685 1890 nuncuparit.
712 1820 746 1876 dt
771 1815 940 1888 inscriptioni

132 1919 195 1974 liuic
209 1917 343 1990 quami-is.
361 1921 390 1970 ut
410 1916 541 1986 superius
556 1921 695 1970 ostensum
713 1922 769 1977 est,
797 1913 881 1967 mults
899 1907 941 1964 la·

135 2019 227 2078 reaiit,
242 2011 327 2082 iisque
343 2007 456 2065 accedat
468 2007 621 2078 cneiupluui
636 2004 784 2069 triturasti.
798 2005 843 2075 qui
858 2001 941 2058 libros

132 2120 192 2160 ase
205 2111 297 2158 eontra
315 2103 444 2158 Aricinam
467 2107 569 2155 sectum
583 2100 700 2169 scriptos
714 2097 745 2151 de
758 2096 810 2166 pac
821 2092 942 2165 compel-

133 2198 215 2262 lavit3
231 2211 292 2252 curii
318 2205 408 2249 tannen
433 2210 485 2248 uon
500 2207 564 2248 vere
586 2193 632 2257 sit,
658 2192 708 2245 nisl
733 2200 865 2260 quatenus
879 2186 940 2241 lidei

134 2291 246 2345 nomine
284 2287 425 2343 Trinitniis
456 2285 613 2357 mysterium
646 2281 829 2351 significetur,
867 2279 941 2335 nulla

134 2383 270 2438 succurrit
284 2382 352 2436 ratio
375 2379 439 2434 satis
452 2379 553 2449 graiis,
581 2386 609 2431 iu
623 2378 761 2446 antiquum
776 2381 831 2429 eta
849 2371 941 2426 multls

133 2477 448 2549 jainsaecnlisreeepnini
460 2474 491 2527 de
504 2471 628 2526 Trinitate
639 2470 744 2526 titulum
756 2469 940 2524 immutemusr

135 2571 200 2625 hnic
214 2569 366 2639 presertim
391 2565 556 2636 sull'ragsute
571 2564 822 2632 birinnandans
847 2568 942 2617 aucte-

135 2663 204 2718 ritas
216 2679 249 2716 eo
262 2661 347 2732 pluris
371 2659 497 2715 omnibus
510 2656 631 2712 iacienda
644 2700 651 2722 ‚
669 2672 722 2727 qno
739 2656 883 2726 ipsummet
896 2648 942 2708 lli·

136 2754 197 2810 larii
209 2752 406 2825 autographum
421 2749 521 2807 vidisse
537 2749 634 2821 potuit.
648 2749 676 2805 Si
691 2747 762 2804 cuim
776 2747 849 2802 illius
862 2753 943 2801 etate

138 2848 175 2918 pii
191 2847 314 2918 presulis
327 2844 360 2901 ad
372 2845 472 2902 Abram
486 2844 600 2914 epistula
614 2841 727 2896 Pictauis
739 2843 869 2895 terrebatur
891 2854 939 2911 pro

139 2957 244 2994 reticuere
266 2948 425 3003 coiireruata,
449 2946 550 3009 quanto
566 2937 651 3004 iringis
666 2932 785 3006 iii-ignes
809 2933 845 2988 illi
861 2931 942 2988 libril

138 3032 258 3088 Tuulmu
274 3032 397 3087 eumdem
417 3030 581 3085 corillruiaut
595 3030 725 3098 liiiicgioie
739 3040 835 3098 preces
848 3024 875 3079 iii
890 3041 940 3079 aa·

994 1826 1118 1884 Patribus
1131 1828 1156 1883 iii
1172 1828 1329 1899 prelatione
1343 1846 1390 1883 sua
1416 1829 1530 1902 perinde
1544 1832 1715 1902 scriptitanti,
1731 1849 1762 1889 ue
1774 1833 1797 1890 si

994 1921 1110 1994 Spiritus
1135 1924 1219 1979 sancti
1252 1923 1420 1979 divinitatem
1446 1939 1568 1981 asserere
1592 1925 1792 1984 formidassent.

993 2012 1048 2072 llos
1074 2015 1182 2086 quidem
1206 2016 1323 2087 Spiritus
1335 2018 1420 2072 sancii
1434 2017 1551 2074 cultores
1565 2017 1639 2083 lacit,
1654 2019 1701 2075 sed
1717 2020 1751 2074 itti
1769 2030 1798 2075 nt

993 2107 1073 2163 siuiul
1089 2109 1116 2162 iii
1130 2109 1250 2163 antinum
1267 2109 1373 2164 inducat
1389 2118 1436 2164 uut
1447 2125 1495 2166 eos
1516 2110 1630 2168 coluisse
1643 2128 1723 2184 quem
1739 2128 1795 2168 nori

993 2211 1069 2257 certe
1079 2213 1275 2273 cognoscerent
1289 2205 1383 2271 Deum,
1400 2214 1513 2260 autnon
1528 2221 1610 2261 ausos
1620 2221 1680 2263 esse
1691 2223 1740 2264 ore
1751 2208 1792 2264 rel

993 2293 1100 2364 seriptis
1124 2292 1247 2350 confiteri
1263 2296 1333 2366 quod
1352 2297 1443 2353 auium
1458 2296 1611 2354 crederent.
1627 2299 1721 2371 Neque
1747 2318 1795 2355 na-

995 2400 1036 2440 rie
1052 2395 1116 2440 sunt
1128 2385 1233 2443 Erusmi
1257 2388 1378 2458 argutiae.
1395 2388 1487 2462 Longe
1500 2398 1563 2447 eote
1576 2391 1651 2448 illurn
1667 2392 1798 2463 Gregorio

994 2475 1163 2533 Nazianzeno
1186 2489 1252 2533 teste
1275 2479 1322 2535 Or.
1346 2496 1448 2548 xxxvii,
1470 2499 1544 2538 uum.
1567 2482 1613 2550 52,
1640 2485 1798 2557 objecerant

994 2568 1244 2637 Piieuuintouiaelii,
1262 2585 1392 2642 nosquam
1412 2587 1441 2628 se
1465 2573 1490 2627 iii
1513 2575 1660 2645 seripturis
1675 2576 1796 2644 reperire

994 2659 1042 2714 Diri
1056 2676 1153 2715 nomeu
1176 2660 1288 2732 Spiritui
1312 2672 1406 2717 sancto
1421 2661 1600 2733 adscriptum.
1618 2664 1650 2719 Et
1666 2665 1794 2722 basilium

993 2752 1101 2823 quidem
1114 2751 1205 2807 laudat
1219 2752 1289 2809 idem
1306 2755 1403 2824 praesnt
1416 2753 1464 2810 Or.
1480 2771 1528 2821 xx,
1545 2774 1571 2810 u.
1587 2756 1648 2822 tue,
1665 2761 1736 2828 quod
1750 2775 1797 2813 eo-

995 2860 1053 2898 rum
1067 2843 1243 2915 disputationi
1256 2861 1306 2900 non
1322 2847 1388 2917 nilpil
1413 2847 1522 2910 cedem,
1539 2862 1607 2918 quos
1630 2848 1745 2919 benigne
1758 2851 1802 2927 ud·

995 2939 1136 2994 ueritatem
1151 2938 1282 2994 reducere
1308 2939 1481 3009 peroptabat,
1499 2939 1525 2995 in
1542 2939 1617 2996 libris
1633 2939 1667 2997 de
1692 2941 1794 3012 Spiritu

994 3042 1088 3085 sancio
1101 3031 1135 3085 ab
1150 3047 1180 3086 en
1196 3047 1279 3100 uoce,
1307 3051 1320 3083 n
1336 3048 1387 3102 qua
1402 3031 1595 3099 nutiorrouani,
1609 3048 1659 3105 pro
1673 3043 1797 3106 tempore

140 3142 194 3181 iiiia
206 3127 235 3181 B.
250 3125 343 3181 llilarii
365 3126 536 3181 solemnitate
549 3123 601 3196 legi
613 3130 762 3188 consuete,
775 3135 836 3191 upum
847 3121 943 3176 etiam·
957 3131 980 3193 (ζ
996 3122 1244 3179 cerisideratissiioc
1267 3124 1438 3189 abstinuerit,
1465 3123 1530 3179 dum
1559 3125 1666 3180 interim
1691 3126 1719 3179 iu
1738 3127 1798 3182 aliis

140 3235 206 3274 ιιιιιιι
221 3220 247 3274 in
263 3219 368 3274 duobus
380 3217 512 3273 Ecclesia¹
526 3217 554 3273 S.
570 3216 677 3272 (litiani
690 3216 857 3272 Turonensis
868 3216 943 3271 codi-

139 3313 218 3369 cibus
237 3313 271 3367 ab
296 3313 373 3367 anuis
388 3311 482 3367 saltem
496 3311 549 3368 800
562 3311 678 3366 esniutis
703 3319 877 3365 asservantur
891 3327 898 3364 z
916 3312 942 3365 iii

140 3422 197 3461 ono
211 3405 320 3478 quidem
333 3405 367 3461 ad
383 3405 497 3477 priiiiaiu
522 3405 676 3459 novembris
699 3403 782 3469 diem,
808 3402 835 3457 in
856 3403 942 3459 altero

140 3505 232 3554 antem
246 3499 278 3553 ad
293 3497 424 3553 deciiumn
450 3496 557 3552 tertiam
575 3497 702 3567 januarii.
729 3494 774 3551 Sic
800 3512 881 3566 prorui
894 3500 944 3552 liu·

141 3595 228 3650 bont:
245 3591 324 3659 Deus,
339 3592 382 3660 qai
397 3591 565 3646 reiterabilem
580 3586 613 3644 B.
631 3587 728 3644 llilurii
742 3588 897 3659 confessoris
908 3589 945 3643 tui

142 3697 219 3753 atque
230 3686 360 3759 pontificis
371 3688 533 3757 sestioitateiii
557 3685 702 3740 soleiiuiitei·
715 3694 885 3738 recurrentem
900 3701 946 3753 po-

143 3780 209 3848 pulo
223 3788 268 3833 tuo
283 3776 419 3840 dedicasti,
435 3779 509 3848 cujus
524 3774 611 3850 linqua
625 3778 652 3832 in
665 3777 758 3832 recula
776 3794 821 3846 pro
834 3791 944 3833 sanem

142 3886 298 3928 ruistriris
310 3870 456 3940 equalitate
470 3872 505 3925 sie
528 3871 621 3938 tonant,
636 3880 662 3923 ut
677 3871 765 3923 iiiiindi
779 3867 858 3939 liujus
872 3871 946 3942 priu-

142 3969 225 4035 cipem
239 3965 311 4018 miles
326 3972 384 4017 tucis
397 3970 575 4035 prosterneret,
593 3971 645 4018 ete.
663 3960 759 4017 Exstat
771 3961 867 4017 eadem
881 3978 944 4017 ora-

143 4060 184 4114 tio
207 4056 261 4112 lsai.
276 4057 401 4112 iioreioli.
428 4056 603 4127 assignatam
618 4053 836 4111 Saeruiiieiuariu
860 4054 941 4126 regini

146 4149 319 4206 uititioitiecne
334 4158 390 4204 nin.
406 4146 488 4212 5863,
505 4165 590 4202 unitos
605 4146 714 4201 circiter
728 4145 781 4201 edu
795 4162 848 4216 pru}
868 4163 898 4202 se
909 4144 947 4201 le-

143 4255 233 4311 rcnte,
244 4244 271 4299 iii
283 4260 337 4315 quo
348 4242 504 4314 Spiulioliuu
521 4241 658 4297 Nicieuimi
673 4240 785 4297 liabetur
799 4243 857 4297 siue
871 4240 947 4296 :iddi-

142 4338 219 4392 tione
234 4334 360 4407 Filioque.

182 4429 228 4486 xl.
251 4427 337 4482 Tituli
350 4429 409 4481 liuie
420 4429 463 4497 qni'
475 4428 539 4482 scitis
552 4428 608 4498 piat.
623 4457 657 4467 -
669 4425 750 4483 Certe
761 4426 880 4482 Hilarius
892 4427 949 4498 ipse

145 4616 231 4688 pleni,
247 4630 307 4670 euni
325 4615 351 4670 iu
367 4614 511 4671 assemuda
526 4630 588 4670 reru
603 4612 741 4669 Trinitatis
754 4614 806 4669 lide
817 4624 842 4668 et
855 4613 880 4667 iu
895 4613 952 4669 dis-

144 4713 264 4767 serendo
277 4711 430 4784 singillatim
453 4712 487 4768 de
508 4711 599 4777 Patre,
613 4709 685 4774 Filio
701 4722 728 4767 et
742 4711 842 4782 Spiritu
857 4722 950 4766 sancto

147 4804 248 4859 librum
270 4805 418 4858 secundum
444 4788 528 4857 totuin
542 4802 689 4866 conseruit,
714 4819 793 4872 quem
809 4811 951 4872 propterea

147 4897 197 4952 lili.
214 4912 232 4959 ι,
250 4915 277 4951 ιι.
290 4896 336 4963 2¹2,
351 4896 450 4950 breuem
463 4895 645 4949 demonstrator
657 4893 793 4948 Trinitatis
810 4911 953 4949 sermonem

147 4989 335 5064 coqnoiiiinnt:
359 4998 387 5041 ut
414 5004 465 5041 non
490 4989 625 5042 immerito
639 4985 700 5041 libri
735 5002 761 5041 iv
781 4987 857 5040 initio
873 4987 952 5056 preli-

147 5094 250 5147 teatur,
275 5097 334 5137 sese
349 5081 425 5151 {idem
438 5091 461 5134 et
474 5080 662 5151 confessionem
692 5077 778 5133 Patris
802 5089 825 5132 et
847 5077 910 5132 Filii
930 5086 953 5133 ct

150 5174 268 5242 Spiritus
282 5174 363 5228 saneti
384 5170 570 5242 superioribus
596 5170 672 5225 libris
686 5170 853 5227 suldcientcr
867 5170 952 5225 trudi-

150 5268 237 5324 disse.
256 5269 287 5321 lit
301 5265 430 5335 deinceps
444 5263 552 5335 quidem
567 5262 601 5318 ad
615 5262 812 5318 delendeodam
826 5262 915 5317 Putris
927 5272 955 5318 et

151 5363 215 5420 Filii
241 5361 557 5428 ciiiisubstautialituteui,
585 5359 618 5414 de
632 5376 682 5429 quo
697 5374 766 5430 pene
792 5361 956 5413 oiirniscrar

151 5458 350 5521 controversia,
376 5453 531 5524 diligentius
546 5452 677 5507 incumbit
692 5469 699 5506 :
717 5453 846 5522 propositi
861 5462 954 5508 tornea

152 5552 197 5604 sui
210 5563 262 5602 uon
273 5548 425 5610 monemur,
435 5546 469 5600 ad
480 5560 592 5615 scopum
605 5544 683 5600 titulo
695 5544 881 5614 prescriptum
893 5556 957 5599 aute

153 5642 246 5710 operis
268 5643 347 5694 tinem
371 5645 492 5704 reuertit,
518 5649 545 5692 er
569 5638 665 5693 librum
681 5652 720 5691 xii
737 5651 789 5691 iioii
805 5635 955 5700 eoricludit.

152 5735 208 5792 uisi
224 5743 389 5803 propugnata
403 5729 484 5785 totius
498 5728 649 5795 Trinitatis,
671 5744 703 5785 ac
725 5727 883 5785 nominatim
898 5727 957 5799 Spi-

995 3215 1095 3271 uocibus
1106 3233 1120 3271 e
1132 3215 1269 3285 Scriptura
1280 3215 1374 3286 petitis,
1388 3217 1587 3288 testimoniisque
1600 3219 1704 3274 ririiiirite
1713 3218 1799 3275 dubiis

994 3307 1109 3362 eaoideiir
1121 3308 1170 3361 υἱιιι
1183 3306 1345 3374 linientibus,
1362 3308 1560 3380 irecesraiiisque
1581 3311 1738 3382 arqumentis
1751 3311 1799 3366 ud-

994 3398 1119 3452 uersarios
1133 3398 1170 3451 ita
1183 3396 1377 3467 comminuebat,
1392 3406 1419 3451 ut
1433 3397 1504 3452 nullo
1518 3398 1594 3454 modo
1607 3417 1751 3473 repuquore
1763 3419 1794 3456 ac

996 3497 1085 3544 contra
1110 3490 1157 3544 niti
1185 3498 1297 3561 possent.
1339 3489 1413 3545 Alias
1437 3505 1501 3545 vero
1516 3500 1572 3545 uun
1586 3492 1709 3561 priuatis,
1736 3509 1796 3550 eum

998 3583 1112 3654 publicis
1140 3583 1311 3637 sermonibus
1325 3581 1453 3652 Spiritum
1469 3592 1590 3637 sunctum
1606 3580 1690 3639 Deum
1708 3583 1800 3642 dicere

997 3692 1145 3748 numquam
1158 3694 1219 3730 euru
1236 3674 1373 3732 dubitasse
1388 3676 1559 3732 testilieatur.

1034 3773 1103 3828 Xlll.
1120 3768 1190 3828 bens
1204 3773 1236 3826 ab
1248 3772 1360 3838 anriipuis
1371 3781 1394 3827 et
1409 3773 1435 3826 iu
1449 3771 1592 3843 Scriptuiir
1606 3772 1801 3844 appellatur.-

999 3865 1118 3938 Longius
1132 3883 1146 3921 a
1163 3882 1245 3937 scopo
1259 3867 1399 3923 aberraret
1414 3867 1512 3933 oratio,
1524 3867 1546 3921 si
1561 3875 1692 3938 quotquot
1705 3883 1739 3924 ex
1754 3884 1804 3924 eri·-

1000 3961 1080 4031 tiquis
1095 3960 1120 4014 id
1133 3960 1219 4027 ipsum
1231 3968 1416 4024 asseruerunt,
1428 3957 1472 4013 liic
1485 3972 1629 4014 recensere
1640 3960 1800 4031 aggredere-

1000 4069 1071 4107 nmr.
1087 4051 1175 4108 Unum
1192 4052 1282 4122 itaque
1305 4052 1339 4105 sit
1360 4049 1482 4106 omnium
1504 4051 1589 4107 instar
1611 4051 1676 4107 illud
1692 4046 1801 4109 Tertul-

1000 4145 1063 4199 liani
1089 4144 1269 4199 testimouium
1293 4144 1339 4199 lib.
1361 4142 1490 4198 aduersus
1505 4143 1634 4200 bruneam
1655 4163 1729 4201 uum.
1747 4146 1799 4220 tog:

1002 4236 1074 4292 Duos
1089 4236 1190 4305 quidem
1201 4236 1338 4304 dedicimus
1356 4234 1460 4290 Patrerir
1473 4245 1497 4290 et
1514 4234 1536 4290 F
1537 4237 1629 4304 ilium,
1647 4249 1669 4293 et
1679 4240 1737 4312 jour
1751 4248 1801 4296 tres

1002 4348 1060 4385 cunr
1075 4331 1176 4399 Spiritu
1186 4338 1286 4397 sancto,
1298 4330 1437 4384 secundum
1451 4331 1577 4384 rationem
1589 4334 1736 4387 oecoiiomice
1745 4349 1801 4404 quoe

1003 4426 1064 4496 {ecit
1080 4438 1232 4488 irainerinii,·
1247 4439 1289 4486 ue,
1304 4431 1331 4475 ut
1346 4436 1429 4475 uestra
1444 4423 1595 4494 peruersitas
1610 4425 1704 4494 infert,
1722 4423 1801 4479 Pater

143 4523 263 4595 quodam
278 4524 358 4577 niodo
370 4521 476 4578 ridetur
490 4521 618 4577 lesiiuure
633 4531 660 4575 ut
681 4522 786 4576 titulum
809 4521 879 4576 bunc
892 4521 946 4575 ini·
960 4523 987 4583 l)
1000 4518 1055 4591 ipse
1069 4516 1187 4571 credatur
1208 4525 1282 4570 iratus
1309 4523 1334 4568 ct
1353 4531 1456 4585 pressus,
1472 4516 1540 4585 qaod
1560 4533 1612 4570 non
1638 4517 1696 4572 licet
1719 4518 1801 4589 credi,

1003 4612 1124 4684 quonionr
1144 4627 1194 4665 aon
1208 4611 1245 4664 ita
1268 4610 1391 4664 traditum
1417 4607 1549 4665 estlluos
1576 4620 1660 4666 tamen
1687 4611 1755 4666 Deos
1780 4623 1805 4668 et

1005 4707 1069 4759 riuos
1084 4701 1208 4757 Donn'nos
1223 4718 1361 4769 numquam
1372 4718 1403 4756 ee
1413 4719 1456 4756 ore
1466 4713 1552 4757 nostro
1562 4704 1716 4774 proiecimus
1732 4721 1805 4761 :non

1005 4800 1077 4866 quasi
1092 4814 1142 4851 non
1156 4806 1180 4850 ct
1196 4794 1376 4861 botelinus,
1392 4805 1415 4849 et
1435 4793 1519 4847 Filius
1537 4793 1627 4862 Deus,
1643 4807 1664 4848 et
1679 4797 1803 4856 Serninus

1006 4888 1216 4951 succumbens,
1233 4894 1256 4941 et
1267 4886 1337 4940 Deris
1353 4885 1534 4953 incensisque,
1551 4896 1603 4939 etc.
1615 4884 1709 4956 Neque
1723 4889 1804 4946 etiam

1007 4980 1209 5036 concedendum
1221 4976 1350 5050 Spiritum
1364 4988 1487 5031 sanctuni
1501 4978 1527 5030 in
1540 4979 1805 5049 Scripturisminime

1009 5077 1091 5129 licum
1123 5073 1281 5142 nuncupari.
1313 5071 1472 5126 diubresius
1505 5071 1550 5126 lib.
1586 5088 1614 5127 m
1653 5074 1685 5128 de
1706 5075 1806 5145 Spiritu

1007 5178 1105 5239 sancto,
1113 5185 1136 5224 c.
1146 5175 1172 5234 e,
1182 5166 1254 5221 aliud
1267 5165 1355 5239 probat
1366 5165 1506 5235 praesertim
1517 5181 1548 5220 er
1559 5166 1639 5220 uerbis
1651 5165 1733 5234 Petri,
1744 5169 1802 5224 det.

1009 5278 1049 5328 ιιι,
1062 5263 1088 5330 3,
1103 5271 1170 5327 etc„
1181 5261 1277 5330 quibus
1291 5259 1329 5313 uit
1343 5260 1441 5330 piiiuo.
1454 5260 1566 5324 Aricino,
1582 5276 1627 5312 cur
1638 5259 1751 5330 irupletu't
1761 5278 1805 5316 sa·
1876 5291 1880 5300 ι

1011 5367 1084 5411 tonas
1104 5372 1147 5411 cor
1170 5365 1241 5409 tuimi
1266 5353 1300 5407 ad
1315 5354 1487 5407 ureruierralum
1514 5353 1625 5420 Spiritui
1650 5363 1756 5420 saucto;
1775 5372 1807 5414 ae

1011 5449 1109 5505 deinde
1124 5446 1245 5518 subjicit,
1263 5445 1324 5500 Nan
1339 5463 1365 5500 es
1380 5447 1500 5499 trientitus
1513 5445 1667 5517 lioruioibas,
1685 5450 1730 5504 sed
1742 5448 1808 5507 Deo.

1046 5541 1118 5598 xlv.
1132 5539 1250 5611 Napatiu·
1260 5537 1377 5608 qui,cum
1391 5554 1443 5592 rem
1450 5537 1648 5608 lrabeat‚qurei·it
1659 5543 1695 5597 rei
1706 5559 1807 5598 nomeu.

1013 5637 1064 5691 Cur
1080 5634 1189 5706 Spiritui
1201 5642 1289 5687 sancto
1303 5632 1349 5686 llei
1364 5648 1453 5686 uoriien
1469 5631 1587 5689 Hilarius
1607 5653 1657 5690 uon
1677 5640 1809 5692 attribuat.

1013 5727 1124 5786 -Sed
1151 5725 1281 5800 quidquid
1310 5726 1344 5781 sit
1369 5724 1405 5782 de
1435 5723 1485 5784 liae
1511 5726 1714 5799 disputatione,
1744 5733 1816 5802 quod
