3884 6136
124 249 178 308 aaa

695 245 834 303 Alconti
855 240 1172 312 tduutrttdlututu.

1722 249 1774 306 890

123 364 242 435 ararique>
255 361 364 433 pietatis
386 376 418 417 nc
439 360 599 418 constantim
622 359 845 424 studiosissimo,
868 356 1019 427 uouAne,
1032 368 1136 417 uteum
1161 359 1285 433 indigitat
1310 361 1497 419 Nazianzenus
1517 359 1577 433 (Or.
1593 375 1651 430 ιιι,
1667 380 1694 416 ιι.
1715 362 1775 436 55),

123 465 212 526 postest
227 470 280 510 non
294 454 475 526 gratissimum
491 469 553 511 esse
567 454 670 524 antiqui
681 453 823 524 scriptoris
835 449 920 517 Galli,

123 547 325 618 'l’lueologorum
340 548 384 613 qui
402 547 428 600 iu
444 546 592 602 Occidente
606 546 758 604 uiirncrunt
777 545 923 602 celeberri-

123 646 160 696 mi
171 655 202 696 ne
217 639 401 707 disertissimi,
417 641 589 712 excelsasque
611 639 728 705 arboris,
753 648 783 694 ut
797 654 860 694 eum
876 653 924 692 ro-

123 742 169 791 cal
190 734 220 789 tt.
238 733 419 805 Hieronymus
432 730 544 804 (Cmnnt.
559 734 586 787 in
608 731 672 787 Esui
686 749 710 786 c.
725 731 781 804 tx),
795 746 847 801 qua
859 728 925 786 ccdi-

125 825 201 881 lrcata
216 837 258 882 est
272 825 387 881 ecclesia
404 823 462 890 lici,
483 826 515 879 ad
531 824 589 881 bac
601 825 683 880 etiam
699 824 840 881 tortissimi
856 840 923 879 con·

125 916 237 974 sessoris
252 917 362 980 librum,
379 916 582 988 degrarissirua
595 918 718 974 orttrtium
732 933 792 991 quae
806 932 924 989 unquam

123 1011 152 1067 in
174 1011 294 1068 Ecclesia
315 1010 423 1066 luerunt
437 1012 622 1069 currtrouersia
637 1017 779 1082 scriptum,
806 1021 867 1082 post
884 1020 925 1068 tot

124 1117 241 1158 artnose
262 1102 382 1159 tenebris
397 1111 504 1158 erutum
523 1104 666 1159 clarissimi
679 1104 717 1158 tui
732 1103 849 1160 nominis
862 1117 925 1159 aus-

125 1194 203 1266 piciis
216 1194 303 1250 lucem
326 1195 459 1266 aspicere.
474 1194 538 1252 llaec
551 1197 602 1251 etsi
615 1196 681 1252 satis
701 1195 736 1251 ad
751 1194 925 1252 commenda·

975 456 1068 509 στύλον
1081 461 1128 517 τῆς
1141 455 1274 519 iniuriae
1297 457 1471 520 uerebantur,
1492 452 1625 511 cuniculis
1646 452 1673 509 id
1695 467 1776 522 agero
1865 530 1866 534 Ἰ

975 552 1142 611 statuerunt,
1171 549 1313 618 ipsumque
1329 548 1506 604 Athanasium
1522 549 1548 602 iu
1569 547 1663 618 primis
1678 545 1777 602 tollen·

975 637 1038 693 dum
1052 640 1284 712 suscitandumque
1294 650 1481 712 susceperunt.
1496 641 1564 697 ilinc
1581 640 1635 697 ilice
1648 640 1682 696 de
1694 638 1777 696 Arse-

975 731 1021 786 nio
1035 731 1188 798 interiecto,
1215 743 1244 790 ct
1267 734 1505 791 coulractocalice
1528 735 1613 791 sacris
1638 731 1775 805 mysteriis

975 825 1110 882 destinato
1124 829 1268 885 calumniae
1279 847 1286 883 :
1299 845 1413 901 quarum
1430 837 1564 902 praetextu
1576 843 1666 884 cuma
1682 827 1777 886 lactio-

975 917 1014 972 sis
1036 917 1196 989 depositus,
1223 920 1451 991 imperatorisque
1476 921 1588 977 decreto
1611 921 1638 977 in
1664 920 1775 976 exilium

976 1011 1075 1068 missus
1088 1020 1172 1080 esset,
1185 1021 1258 1069 totus
1272 1014 1347 1069 orbis
1362 1016 1430 1070 tanti
1454 1012 1510 1069 uiri
1534 1029 1599 1071 casu
1625 1026 1776 1070 concussus

976 1114 1027 1160 est.
1044 1104 1115 1174 Quin
1137 1106 1219 1162 etiam
1234 1121 1295 1162 cum
1312 1106 1424 1180 synodis
1439 1106 1650 1172 Alexandrina,
1677 1105 1776 1161 Roma·

976 1213 1028 1266 nae,
1044 1208 1072 1254 et
1085 1200 1260 1255 oecrrmcnica
1281 1199 1436 1255 sardicensi
1463 1200 1627 1255 Attrauasius
1640 1212 1717 1254 suant
1734 1197 1775 1254 in·

126 1291 227 1346 tionem
248 1292 368 1345 mutueris
384 1290 501 1356 valcant,
517 1289 587 1361 apud
603 1298 630 1347 te
657 1293 792 1361 precipue
806 1289 854 1361 qui
875 1304 925 1360 pro
976 1291 1130 1347 nocentium
1152 1291 1341 1362 approbasset,
1356 1292 1566 1346 calumniatores
1580 1305 1646 1346 uero
1661 1304 1714 1345 uon
1729 1303 1775 1344 so·

126 1393 172 1440 tuo
193 1400 257 1454 erga
279 1384 382 1440 litteras
405 1383 621 1454 religionemque
645 1385 752 1449 studio,
779 1389 925 1454 erectoque
976 1383 1031 1438 lum
1046 1381 1367 1438 tutsentemiisconricti
1387 1390 1468 1453 atque
1481 1381 1612 1448 damnati,
1625 1380 1673 1437 sed
1692 1381 1775 1437 etiam

125 1490 206 1550 atquc
219 1479 335 1534 infracto
347 1478 479 1533 arlrersus
490 1478 599 1533 diuitias
609 1481 751 1550 luntosquc
763 1478 877 1544 aulicos,
890 1477 925 1533 ad
976 1473 1080 1554 libellis
1090 1474 1189 1529 oblatis
1216 1473 1304 1531 eidem
1330 1475 1368 1548 (a)
1383 1474 1538 1531 sardicensi
1554 1473 1670 1547 synodo,
1690 1472 1775 1529 lulio·

124 1574 253 1642 qumsola
269 1587 339 1627 nrrnc
364 1571 546 1637 concurritur,
563 1571 655 1636 animo
670 1584 778 1639 semper
793 1570 818 1625 id
838 1583 925 1642 genus
976 1583 1028 1640 quc
1047 1567 1168 1623 Porttilici
1199 1567 1277 1622 llam.
1303 1567 1425 1623 criminis
1452 1567 1563 1623 admissi
1585 1567 1776 1638 baerescosque

125 1664 254 1735 reliquias
267 1663 391 1723 Attalicis
405 1662 607 1719 conditionibus
617 1662 757 1733 protulisti
778 1681 784 1716 z
802 1661 924 1718 Passietri
976 1660 1082 1715 reniam
1107 1659 1267 1729 deprecati,
1295 1659 1427 1717 Ecclesiae
1448 1660 1634 1718 communioni
1661 1659 1777 1718 luissent

125 1766 215 1813 tamen
228 1757 370 1813 scrutamine
381 1757 404 1812 si
418 1757 488 1812 bene
504 1765 530 1811 tc
544 1755 618 1824 nori,
634 1754 759 1817 accedes.
785 1754 926 1825 plurisque
938 1751 964 1814 B
977 1751 1088 1818 redditi3
1105 1752 1201 1807 iterum
1218 1765 1306 1809 tarncn
1328 1767 1412 1825 *canes
1436 1751 1469 1807 ad
1495 1751 1625 1807 uomitum
1651 1751 1775 1821 reuersi,

124 1850 152 1905 in
170 1867 204 1907 eo
226 1850 308 1906 lacics
329 1849 459 1919 iudicium
483 1849 659 1905 eruditissimi
690 1846 925 1917 cordatissimique
976 1842 1063 1899 lesdas
1076 1844 1136 1899 illas
1155 1852 1184 1899 et
1198 1844 1345 1900 Ecclesiam
1362 1844 1423 1911 lici,
1437 1859 1498 1916 quac
1513 1843 1610 1901 dumus
1624 1844 1699 1916 pacis
1717 1854 1775 1912 cst,

124 1943 184 2010 riri,
201 1943 248 2014 qui
262 1951 288 1997 te
299 1943 362 1997 dum
377 1942 443 1997 uiuit
456 1984 463 2006 ,
477 1942 512 1996 olt
522 1943 659 2012 egregiam
680 1939 830 1997 doctrinam
841 1981 849 2007 ,
862 1955 927 2010 pru·

122 2034 255 2097 dentiam,
278 2033 452 2105 studiumque
474 2048 506 2089 ac
526 2035 653 2105 pietatem
670 2034 695 2088 in
712 2033 788 2089 Rem.
816 2035 843 2088 iu
866 2033 927 2106 qui-

123 2130 177 2186 bus
199 2138 288 2184 tecum
301 2128 485 2199 conspirabat,
500 2128 579 2184 unice
593 2128 693 2183 amauit
706 2134 734 2182 ct
757 2127 852 2194 coluit,
866 2144 924 2184 nto·

124 2223 253 2293 riensque
277 2237 332 2276 suae
354 2236 416 2289 erga
437 2229 463 2278 tc
488 2234 629 2291 propensas
652 2220 797 2276 rolrurtatis
818 2219 926 2290 publica

123 2315 176 2374 boc
189 2317 372 2372 testimonium
386 2316 537 2386 posteritati
549 2328 657 2372 exstare
668 2315 765 2371 uoluit.

159 2453 186 2508 E.
206 2452 282 2521 Quod
300 2450 396 2506 ditarit
408 2452 452 2507 ait.
466 2482 501 2493 -
520 2451 559 2509 tte
572 2460 684 2508 auctore
696 2466 761 2508 uero
772 2453 850 2508 istius
863 2451 925 2510 libri

125 2561 206 2602 nemo
220 2546 307 2601 codici
330 2561 410 2601 mauu
426 2548 539 2618 scripto,
555 2547 647 2619 quill.
675 2546 778 2602 llilario
799 2563 862 2604 eum
877 2547 925 2603 ad·

124 2640 229 2706 scribit,
242 2638 321 2696 bderu
333 2638 470 2705 detrahet,
483 2640 588 2712 uirique
604 2641 721 2710 potentis
738 2641 843 2696 titulum
859 2641 925 2696 alie·

124 2748 167 2788 aa
192 2733 356 2802 possessioni
381 2732 491 2790 allisum
503 2736 717 2791 cortrrouersiam
733 2736 863 2803 mauebit,
880 2737 926 2808 qui

125 2824 190 2896 styli
198 2825 239 2880 uel
249 2825 346 2897 ingenii
362 2827 428 2880 tanti
440 2826 560 2882 ductoris
572 2826 689 2898 aliquem
702 2839 809 2898 gustum
824 2827 928 2884 ltabue·

124 2919 161 2974 rit
183 2935 191 2985 ;
213 2918 237 2974 si
250 2918 359 2991 quidem
376 2919 470 2992 longas
495 2929 522 2976 et
545 2920 679 2976 irtvulutas
692 2932 720 2977 et
742 2921 836 2979 Gallici
851 2921 926 2977 libo·

125 3009 204 3073 dani,
222 3021 252 3067 ut
265 3010 373 3067 uiolenti
388 3027 420 3067 ac
436 3013 591 3084 prarapidi,
606 3014 646 3070 sic
664 3014 745 3070 etiarn
759 3015 925 3085 aliquantum

126 3103 184 3158 limi
199 3119 291 3160 sccmu
318 3104 462 3169 callentis,
486 3120 540 3176 quo
554 3106 713 3162 charactere
728 3107 801 3161 naris
813 3122 926 3164 emunc-

127 3196 238 3251 tissimae
250 3196 369 3266 scriptor
382 3197 440 3267 ipse
456 3196 638 3270 Hieronymus
649 3197 750 3267 scripta
765 3199 859 3255 llilarii
872 3199 922 3272 sig

126 3289 210 3354 travit,
225 3289 431 3359 dcprelrcndere
443 3290 504 3345 licet
519 3289 630 3361 (Hieron
644 3292 747 3362 presel.
763 3293 789 3346 in
801 3293 876 3363 epist.
891 3292 927 3348 od

127 3381 187 3437 dat.
204 3379 231 3437 9.
248 3383 323 3454 epist.
343 3384 377 3438 ld
391 3385 425 3437 ad
443 3383 575 3454 Paullus).
593 3383 645 3440 scd
660 3384 724 3454 quid
739 3385 830 3440 verbis
846 3385 872 3441 ia
896 3400 927 3441 re

126 3483 220 3546 aperta
235 3488 304 3544 opus
319 3474 381 3531 est?
395 3475 423 3530 Si
438 3479 480 3531 cui
501 3491 533 3530 ea
550 3477 575 3531 in
590 3492 619 3532 re
641 3491 709 3548 aqua
726 3477 837 3543 luerent,
855 3476 926 3534 bunc

127 3566 227 3624 librum
242 3583 303 3623 cum
320 3568 354 3624 iis
368 3584 428 3640 qum
448 3570 570 3625 onrrrium
584 3572 690 3627 calculo
706 3586 755 3642 pro
782 3572 927 3628 llilariams

126 3671 234 3733 receptu
247 3670 310 3716 suut
324 3662 485 3730 contendat;
511 3678 560 3719 nec
581 3680 678 3735 aquam
702 3679 799 3730 aquas,
815 3680 866 3720 nec
880 3665 926 3720 lac

125 3753 188 3808 lacti
213 3754 329 3810 similius
346 3754 475 3810 inueniet.
498 3754 554 3810 Nec
576 3771 642 3811 sane
669 3755 827 3812 lristoricurn
853 3756 926 3812 istud

124 3844 199 3918 Opus
221 3847 337 3919 anitiquis
351 3847 472 3919 ignotum
492 3847 540 3903 luit
554 3866 560 3902 :
576 3849 599 3904 si
621 3848 731 3920 quidem
755 3849 821 3905 illud
837 3851 925 3920 ipsum

125 3954 198 4005 esse,
212 3938 284 4011 quud
306 3940 377 3997 idern
398 3941 455 4011 ipsc
469 3940 649 4013 llicronymus
674 3952 768 3998 contra
783 3942 925 3999 llrsacium

125 4042 154 4088 et
175 4032 334 4101 Valentem,
359 4044 502 4090 continens
536 4040 718 4091 narrationem
746 4034 926 4092 Ariruinensis

125 4123 250 4190 Consilii,
263 4124 393 4181 llilarium
406 4127 549 4197 scripsisse
563 4126 681 4196 tradidit,
695 4127 758 4184 buic
773 4129 843 4185 libro
857 4144 926 4201 prcc-

127 4216 179 4274 llsa
191 4219 333 4291 inscriptio
348 4219 430 4276 iidem
442 4221 515 4277 lucit.

976 1952 1070 2008 parrum
1084 1936 1215 1993 decentes
1225 1936 1385 2004 discordias,
1398 1937 1586 2008 episcoporum
1600 1936 1776 1993 discursatio·

977 2043 1025 2084 nes
1037 2028 1227 2097 Alediolauum,
1243 2030 1383 2098 Sirmium,
1398 2029 1551 2086 Seleuciam
1562 2045 1704 2100 asperatur,
1717 2029 1778 2086 Ari·

978 2123 1091 2188 minum,
1104 2120 1509 2193 Constantinopoliar,llicaeam
1518 2121 1653 2187 Thraciae,
1668 2121 1710 2190 (et
1723 2134 1777 2191 quo

978 2235 1030 2274 non
1046 2226 1178 2273 terrarum
1187 2218 1211 2287 t)
1221 2225 1352 2287 praterea
1366 2215 1587 2286 proscriptiones,
1601 2213 1681 2270 exilia
1692 2219 1780 2269 etce-

976 2310 1026 2365 des
1038 2310 1210 2376 excitarunt,
1228 2324 1288 2380 quaa
1307 2306 1435 2379 quamdiu
1450 2307 1476 2362 in
1491 2306 1561 2362 uiris
1573 2304 1680 2361 exstitit
1704 2304 1777 2360 Con·

977 2403 1104 2470 stantius,
1115 2401 1265 2458 catholicos
1280 2402 1424 2470 episcopos
1437 2407 1631 2457 exercuerunt.
1643 2397 1779 2455 Tandem·

976 2498 1160 2568 quedetracta
1178 2510 1294 2566 persona
1317 2495 1453 2550 Nicacnam
1476 2493 1596 2565 regulam
1618 2507 1779 2563 oppugnan-

977 2600 1028 2652 tes,
1043 2591 1236 2660 lmperatorcm
1249 2589 1349 2658 ipsum,
1363 2587 1440 2656 errius
1455 2592 1591 2657 potestate
1604 2585 1773 2651 nitebantur,

977 2683 1143 2754 impulerunt
1154 2689 1183 2735 ιιι
1195 2680 1339 2751 episcopus
1351 2679 1467 2735 Arimini
1479 2687 1658 2749 congregatos
1669 2676 1702 2734 ad
1713 2675 1779 2733 sub·

978 2776 1152 2848 scriptionem
1167 2789 1243 2830 trorae
1257 2772 1382 2829 lorrrmle
1398 2771 1459 2828 lidoi
1470 2771 1591 2827 subdolis
1603 2771 1695 2827 uerbis
1709 2785 1777 2826 con·

977 2877 1064 2941 ceqrtcc
1077 2868 1208 2940 adigeret,
1220 2883 1281 2937 quac
1299 2876 1393 2921 contra
1419 2873 1601 2920 trecentorum
1618 2871 1646 2919 ct
1668 2862 1779 2920 octode-

978 2966 1030 3022 cim
1044 2973 1151 3036 patrum
1164 2962 1315 3028 decretum,
1329 2958 1624 3033 accendimurque
1639 2956 1779 3014 vocabulis

980 3058 1084 3114 indicto
1106 3055 1233 3123 silentio,
1260 3054 1358 3110 Filium
1386 3052 1459 3108 Patri
1484 3051 1600 3108 sindiem
1630 3050 1778 3108 secundum

940 3139 963 3204 C
978 3151 1135 3223 Scripturas
1148 3148 1340 3221 prolitebatur,
1358 3146 1566 3212 dicentibusque
1581 3144 1658 3200 illurn
1672 3153 1780 3199 creatu-

978 3261 1035 3301 ram
1051 3246 1121 3301 sicut
1140 3244 1201 3299 alias
1218 3249 1282 3298 suut
1299 3247 1432 3297 creatura
1458 3239 1602 3294 anatliema
1625 3237 1774 3309 indigebat.

977 3340 1033 3397 Nec
1047 3351 1136 3395 tamen
1151 3338 1190 3395 ibi
1214 3336 1420 3393 consistendum
1447 3349 1510 3390 csse
1539 3334 1685 3400 duxerunt,
1701 3331 1779 3403 (llam

977 3434 1040 3506 quis
1056 3431 1185 3504 peccandi
1201 3431 1283 3485 ditent
1305 3437 1395 3500 posuit
1414 3425 1507 3500 sibit)
1528 3442 1622 3482 rorum
1651 3424 1781 3482 iclicitate

904 3572 910 3584 .
978 3540 1119 3581 successus
1146 3521 1308 3576 arrdneiores
1334 3520 1419 3586 lacti,
1449 3535 1502 3575 non
1530 3520 1586 3589 jum
1609 3519 1643 3575 de
1669 3519 1780 3575 uocibus

977 3622 1067 3681 οὐσίας
1079 3620 1122 3674 και
1134 3617 1275 3690 ὁμοουσίου
1290 3625 1426 3684 tamquam
1442 3611 1587 3666 discordiae
1598 3624 1679 3681 quatrio
1691 3627 1780 3680 qua-s-

977 3715 1079 3768 tioncm
1096 3708 1189 3765 baberi
1204 3706 1402 3779 significarunt,
1418 3703 1465 3759 sed
1489 3702 1614 3775 inoperta
1628 3702 1717 3772 capite
1728 3717 1778 3772 ptr·
1872 3748 1874 3753 .

978 3823 1038 3863 rum
1053 3812 1200 3877 putumque
1214 3816 1263 3858 scu
1278 3802 1368 3868 potius
1380 3798 1516 3869 impurum
1533 3795 1709 3868 putidumque
1723 3793 1779 3850 Arii

977 3901 1074 3972 dogma
1096 3895 1220 3954 Concilio
1247 3893 1400 3950 Anaboura
1424 3890 1556 3962 professi,
1581 3887 1680 3945 Filium
1705 3888 1778 3944 l’atri

977 3990 1136 4049 dissimilem
1159 3988 1266 4060 penitus
1284 3989 1328 4042 και
1348 3987 1375 4051 ἐξ
1396 3986 1441 4040 οὐκ
1461 3980 1538 4039 ὄντων
1559 3989 1712 4039 creaturam
1739 3978 1780 4052 (l)

978 4091 1140 4144 statuerunt.
1153 4081 1236 4152 Curius
1252 4078 1496 4150 impietatisipsum
1506 4074 1700 4149 imperatorem
1716 4089 1779 4133 auo-

978 4189 1065 4235 torcm
1080 4192 1112 4233 ac
1126 4175 1260 4231 uindicem
1275 4173 1425 4237 exstitisse,
1440 4170 1605 4227 Athanasius
1619 4171 1727 4226 asserit.

1012 4273 1041 4327 l.
1054 4269 1137 4341 lgitur
1151 4265 1277 4331 llrsacius
1287 4273 1316 4322 et
1327 4263 1424 4320 Valens
1438 4263 1475 4318 illi
1488 4262 1539 4334 ipsi
1552 4272 1614 4320 sunt
1627 4280 1633 4316 ι
1652 4281 1661 4314 ι
1681 4261 1778 4333 quibus

161 4356 189 4412 3.
213 4354 337 4412 llrsacius
350 4368 375 4412 et
390 4355 493 4424 Valerus,
507 4358 560 4429 qui.
580 4388 615 4402 υ-
629 4357 682 4431 lpsi
700 4360 772 4416 enim
798 4361 926 4419 Ursacius
977 4351 1216 4423 instantibus'sub
1240 4361 1405 4430 imperatore
1432 4356 1593 4415 Constantio
1615 4356 1715 4414 lactum
1738 4363 1780 4411 est

128 4458 157 4505 et
171 4448 282 4516 Valens,
310 4450 379 4505 alter
392 4450 533 4522 Singiduni
557 4451 705 4520 superioris
728 4451 820 4524 lipsius
834 4496 841 4520 ,
855 4455 926 4512 alter
979 4456 1150 4514 Ariminense
1164 4453 1309 4511 concilium
1324 4460 1419 4508 contra
1436 4451 1587 4506 formellum
1605 4448 1707 4506 Nicani
1721 4456 1778 4503 tra-

128 4543 228 4599 llursae
253 4543 398 4599 Pannoniae
422 4542 557 4615 (quamuis
581 4559 634 4600 non
649 4560 703 4599 uno
726 4545 785 4601 loeo
805 4546 925 4602 Atltana-
937 4535 965 4597 D
977 4558 1075 4617 ctatus,
1091 4563 1142 4620 qua
1158 4547 1293 4604 uniuersas
1305 4544 1424 4600 hareses
1440 4542 1646 4614 comprehense
1658 4545 1776 4594 erantrt

128 4642 185 4696 sius
202 4641 374 4697 Alexandriac
389 4643 533 4713 episcopus
547 4650 693 4710 utrumque
707 4643 864 4701 Pannoncm
877 4663 927 4701 uo·
977 4647 1003 4701 in
1015 4658 1082 4716 quos
1094 4642 1145 4698 boc
1157 4655 1226 4711 opus
1240 4638 1370 4708 scriptum
1384 4645 1434 4690 est.
1462 4636 1629 4703 Quamquam
1642 4672 1651 4715 ,
1666 4642 1695 4687 ut
1705 4632 1777 4703 quod

125 4736 179 4801 cet)
193 4737 312 4807 episcopi
327 4751 388 4792 curn
402 4734 468 4792 Caio
482 4751 558 4807 arque
578 4735 725 4803 Pannona,
741 4746 770 4793 et
783 4736 925 4795 Germluio
977 4737 1066 4794 sentio
1079 4735 1178 4794 dicam.
1189 4730 1318 4787 ltaclibri
1331 4729 1470 4796 inscriptio
1485 4728 1569 4782 multo
1581 4726 1642 4797 plus
1652 4725 1679 4780 in
1689 4722 1780 4783 lroute

126 4825 218 4900 Cyzici
232 4829 346 4898 primurn
361 4828 459 4886 deiude
470 4828 560 4884 Sirmii
574 4829 722 4900 episcopo,
747 4832 831 4888 totius
846 4834 926 4889 Ario·
977 4819 1475 4902 spoqqmr,qnan'prcstetiurecessu
1487 4818 1536 4892 (di
1546 4819 1779 4891 disil¹¹⁰¹l⁰l¹⁰ll⁵

127 4934 270 4975 manorum
280 4918 568 4990 Tragoediaecboragi,
586 4931 667 4992 atque
693 4922 927 4995 adeobypncritae
978 4922 1107 4994 longioris
1134 4919 1258 4992 pluribus
1284 4919 1400 4971 tortasse
1423 4918 1614 4984 oumprettcnsl
1638 4915 1725 4979 libris,
1751 4922 1779 4970 et

127 5011 275 5067 extiterunt
306 5011 340 5067 ad
366 5027 434 5083 quos
459 5027 538 5078 erum,
579 5021 608 5068 ut
630 5013 667 5068 ait
691 5025 785 5072 nostor
809 5017 927 5077 llilarius
979 5015 1140 5075 narrationis
1156 5020 1259 5069 exactae
1281 5025 1376 5066 eurum
1396 5023 1457 5080 quas
1480 5006 1644 5065 Ariminensi
1664 5007 1780 5063 concilia

128 5101 216 5176 (Cant.
228 5105 362 5170 deserui,
381 5122 408 5158 n.
434 5106 475 5177 l),
494 5103 589 5160 Ariurti
603 5106 720 5162 nominis
744 5108 888 5167 hareditas
900 5121 926 5166 et
979 5123 1053 5187 gesta
1068 5123 1141 5177 suut,
1159 5110 1202 5167 uel
1214 5123 1276 5180 quae
1292 5107 1380 5178 ipsunt
1397 5113 1592 5176 processerunt
1605 5147 1612 5167 ,
1627 5113 1672 5160 aut
1687 5115 1778 5177 postea

127 5199 266 5253 successio
279 5197 455 5264 deduxisset,
479 5213 532 5254 nort
557 5200 615 5255 ansi
638 5208 733 5270 aperto
751 5201 837 5258 llarte
864 5204 928 5262 lidei
979 5218 1071 5264 secuta
1096 5213 1182 5270 sunt,
1207 5202 1315 5257 initium
1340 5207 1442 5254 tantum
1469 5213 1500 5253 ae
1525 5196 1630 5253 diuulsa
1656 5196 1779 5269 qua-dam

126 5287 243 5345 Nicaeae
258 5290 358 5346 bellum
372 5289 492 5346 indicere
504 5297 593 5345 stante
604 5291 832 5362 ipsoAtbanasio,
847 5311 928 5366 quem
979 5301 1140 5371 fragmenta,
1157 5310 1209 5351 non
1223 5304 1313 5349 autem
1329 5291 1462 5362 integrum
1477 5303 1546 5361 opus
1556 5291 1598 5346 rcl
1614 5289 1712 5345 librum
1736 5290 1780 5346 bic

127 5391 269 5438 strettuum
280 5383 478 5454 robustumque
496 5382 556 5453 eius
572 5395 810 5457 propugnatorem,
825 5403 857 5446 ac
872 5390 929 5462 pla·
980 5392 1101 5450 exbiberi
1115 5402 1224 5446 censeo.
1239 5385 1274 5443 Et
1283 5400 1349 5443 sane
1363 5392 1457 5440 auctor
1476 5381 1558 5453 hujus
1573 5382 1634 5438 libri
1648 5382 1738 5438 statim
1753 5384 1780 5439 in

164 5544 205 5617 (a)
241 5561 282 5600 um
292 5545 337 5602 bic
348 5546 462 5601 contuse
472 5554 627 5608 narrantur,
639 5548 747 5604 errandi
758 5549 846 5608 locum
860 5569 926 5622 prae·
1015 5554 1053 5629 (t)
1073 5556 1127 5610 Am
1145 5552 1236 5622 potitls
1257 5559 1378 5606 statuere
1395 5554 1533 5601 tentartmt
1548 5556 1598 5600 :at
1619 5547 1724 5617 objecta
1738 5545 1780 5602 di·

125 5615 201 5671 beut.
218 5617 323 5673 lanosi
340 5629 402 5672 sunt
419 5617 521 5674 Ursacii
552 5627 579 5671 et
604 5616 724 5674 Valentis
740 5619 824 5677 libelli
839 5640 927 5696 ,quos
980 5627 1056 5684 luere
1067 5626 1262 5688 consulentes,
1277 5618 1781 5689 formulaqrraeConstantinopolicdita

127 5686 283 5743 Sardiceusi
304 5688 410 5762 synodo
433 5704 486 5743 non
514 5689 694 5745 obtulerunta
714 5706 767 5763 qua
788 5707 850 5750 cum
865 5698 927 5754 aliis
980 5707 1048 5759 erat,
1063 5699 1185 5759 recitata,
1199 5695 1333 5750 abierunt.
1354 5691 1443 5766 (Scor.
1460 5689 1480 5745 l.
1497 5704 1528 5755 tr,
1551 5707 1575 5744 c.
1599 5689 1658 5764 45.)

129 5758 279 5830 prmlractis
290 5760 426 5821 diffiditis
438 5760 557 5817 dtfflllall
573 5768 645 5817 sunl·
1013 5768 1049 5840 (cl
1061 5767 1167 5827 Titulus
1180 5765 1260 5837 leuius
1269 5764 1331 5823 libri
1347 5765 1426 5836 plura
1439 5761 1561 5833 spondet
1567 5775 1648 5833 quam
1658 5766 1779 5834 praesta'ts
