3886 6142
150 189 203 244 :idi
759 183 880 245 stituit
902 180 1029 239 ttttntttt
1053 176 1208 243 tt’tsttttul
1757 176 1813 237 titt

149 304 197 373 sit,
210 304 331 363 elstmnns
345 319 397 360 non
411 315 490 374 posse
505 294 583 362 lieri,
599 304 630 350 ut
645 296 745 369 ulirptid
767 295 829 357 inde
843 309 952 378 gerere·
969 293 1089 392 Aigituir
1110 291 1150 347 illi
1165 295 1257 363 pnpntt
1270 294 1419 367 juditium,
1442 309 1458 347 e
1474 293 1613 349 uitrntntoa
1633 292 1668 349 nd
1683 293 1813 362 pitatium

152 409 206 457 tur.
231 395 287 455 Res
309 407 371 470 post
385 396 532 453 ctnnoron
555 389 671 445 multum
686 389 802 447 detineto
824 389 851 445 iu
874 401 957 447 enns·
1012 393 1162 441 trnnseunt.
1180 383 1340 456 Cuiusmodi
1353 386 1514 446 sententium
1528 384 1555 439 in
1572 384 1717 443 Eusebium
1734 386 1814 456 lunge

154 489 282 547 cientium
313 488 399 562 piebis
426 494 467 543 est
493 501 500 539 ι
520 482 609 555 pruris
635 483 757 537 onmium
782 473 959 541 dotor'ortus
1010 486 1086 547 unte,
1102 492 1183 546 nurrnt
1203 480 1347 538 ecelesiam
1363 477 1402 552 (ιι)
1415 477 1615 550 ingrederetur,
1629 478 1812 553 scripserints

153 588 217 648 est,
245 580 400 652 impugnata
414 587 455 632 est
479 589 494 629 ιι
514 572 702 629 sacerdotibus
727 572 803 628 tides.
828 570 959 629 terentes
1012 570 1047 628 de
1067 584 1097 627 se
1113 570 1231 640 loquitur
1246 573 1302 644 ipsu
1316 572 1462 630 seruantia.

188 718 308 791 (otides.
325 731 432 775 surnmo
446 726 580 772 eortsensu
593 753 602 778 ,
617 711 823 783 impenderentur.
840 710 942 767 Deinde
953 709 980 765 in
992 708 1052 765 solo
1065 707 1127 764 Vnt.
1150 708 1209 764 bns.
1232 711 1264 765 de
1282 729 1308 767 se
1321 711 1440 782 loquatur
1459 711 1531 782 ipsa,
1553 710 1655 766 omisso
1677 710 1812 764 sententia.

157 825 1808 853 -n—n-a-—u-—m———n‘

152 865 331 945 ΜΗ
389 974 445 1047 nr
475 966 1566 1056 ernustumsunsEQUENTEMfflfflNffffl·

859 1126 1129 1143 a*

192 1217 322 1280 Hilarius,
358 1215 517 1285 Hieronymo
539 1218 612 1272 teste,
648 1224 706 1262 eunt
737 1203 961 1278 Constantinopoli
1010 1203 1056 1261 lta
1078 1205 1155 1261 etiant
1181 1205 1230 1267 lrar
1254 1208 1334 1265 animi
1360 1209 1400 1262 sui
1423 1207 1614 1281 sipnificatione
1633 1208 1704 1281 apud
1728 1225 1814 1266 omnes

156 1320 318 1377 nutaretur,
352 1307 466 1364 libellum
500 1302 650 1360 Constantio
676 1303 730 1373 ipse
755 1299 872 1354 tradidit.
900 1297 961 1352 Huc
1012 1299 1113 1371 parauit
1134 1298 1182 1354 sibi
1209 1299 1297 1371 fidem,
1323 1309 1351 1353 ut
1375 1315 1434 1355 cunt
1459 1299 1616 1372 paulopost
1641 1301 1772 1371 asperiora
1788 1303 1814 1358 in

164 1402 232 1457 enim
249 1400 369 1456 Seleucia
382 1397 473 1470 synodi
489 1395 587 1467 lepotos
600 1402 713 1461 secutus,
729 1402 756 1447 ut
771 1408 829 1446 enm
844 1390 964 1460 Sulpicio
1013 1388 1193 1447 Constantium
1217 1394 1369 1463 scripturus,
1396 1392 1469 1448 nulla
1491 1411 1517 1449 se
1541 1394 1715 1463 impatientia,
1738 1395 1816 1463 nullis

157 1494 254 1552 Seuero
271 1493 416 1564 laureantur,
432 1491 475 1544 ubi
486 1498 628 1544 extremum
643 1484 705 1555 fidei
720 1483 863 1556 periculum
879 1483 961 1536 anitu-
1013 1484 1133 1539 trumonis
1155 1483 1291 1552 affectibus
1314 1487 1348 1540 ad
1372 1487 1400 1542 id
1414 1486 1512 1558 impelli
1527 1487 1633 1554 diceret,
1658 1488 1812 1542 crederetur.

156 1588 275 1653 aduertit,
299 1583 458 1639 audientiam
478 1581 545 1650 repis
561 1578 686 1650 poposcit,
711 1585 738 1629 ut
754 1575 786 1629 de
809 1574 962 1644 sidenorum
1015 1573 1125 1631 Erosnto
1140 1578 1188 1632 etsi
1203 1578 1315 1632 minutus
1334 1579 1404 1633 uisus
1425 1589 1463 1633 est
1477 1579 1518 1633 tric
1536 1580 1601 1635 liber
1622 1596 1632 1634 .·
1655 1580 1721 1637 niltil
1743 1581 1769 1634 in
1788 1597 1816 1635 eo

159 1678 312 1750 disputaret.
328 1675 403 1742 Quod
425 1675 451 1727 in
477 1674 546 1726 burto
559 1668 675 1724 libellum
689 1667 800 1721 rotarioro
815 1666 959 1733 cortueuire,
1015 1680 1099 1725 tamen
1114 1685 1221 1742 prorsus
1236 1670 1437 1729 desiderandum
1449 1680 1495 1726 est.
1512 1670 1582 1726 Nam
1595 1688 1731 1744 operosum
1751 1672 1816 1728 illud

159 1772 201 1827 uei
221 1789 253 1826 ea
276 1770 350 1825 titulo
371 1771 398 1822 itt
420 1766 537 1821 omnibns
558 1780 620 1817 strss.
642 1771 783 1832 prcenotato
800 1760 963 1832 perspicuum
1015 1771 1040 1816 et
1062 1772 1191 1830 eoactum,
1218 1764 1289 1834 quod
1316 1780 1373 1818 eum
1395 1765 1509 1837 polliceri
1531 1782 1578 1819 nec
1597 1775 1816 1836 marmoratae,

158 1875 207 1922 est.
235 1864 344 1919 Oblatas
356 1872 392 1916 est
407 1869 493 1915 autem
505 1857 557 1914 sub
570 1856 742 1922 tnesaurum,
760 1855 822 1907 dunt
834 1852 880 1907 ottt
903 1852 962 1905 sub·
1017 1871 1070 1909 non
1096 1855 1129 1908 ad
1150 1856 1217 1909 lruno
1242 1855 1357 1914 libellum
1380 1857 1498 1930 pertinet,
1523 1856 1568 1912 sed
1586 1858 1620 1912 ad
1635 1857 1765 1929 publicam
1787 1857 1818 1912 de

158 1942 261 2014 stantia
285 1970 376 2009 nomen
390 1948 563 2015 retinendum,
580 1948 626 2002 olii
646 1945 814 2018 rejiciendum
827 1959 882 1999 esse
903 1959 964 1996 eon-
1017 1948 1069 2019 fide
1092 1949 1303 2022 disputationem,
1329 1950 1405 2014 cuius
1429 1959 1541 2022 potestus
1563 1950 1611 2005 boc
1625 1949 1712 2005 libello
1732 1960 1819 2020 postu-

162 2051 310 2113 tenrlerent;
321 2045 371 2102 snb
385 2043 490 2118 synodo
505 2040 659 2108 dissidenti,
676 2039 964 2111 Constantinopolitano
1016 2040 1097 2099 totns,
1288 2098 1291 2106 ,

160 2142 269 2208 seilicet,
296 2155 354 2211 qua
377 2154 428 2192 non
442 2136 527 2191 mistus
541 2133 604 2203 fide,
627 2148 705 2203 quom
729 2130 835 2201 priuatis
855 2129 963 2203 jnrpiis,
1052 2134 1287 2209 spitamis—ln
1307 2139 1364 2210 ejus
1388 2135 1496 2192 exordio
1516 2133 1635 2192 llilarius
1657 2151 1685 2191 se
1705 2133 1821 2191 meulent

161 2234 245 2289 sarim
268 2233 296 2286 in
321 2239 406 2301 portes
429 2225 616 2283 scindebatur:
637 2224 793 2296 proindeque
815 2237 883 2275 auno
913 2218 966 2275 560
1018 2231 1163 2303 consessus,
1188 2231 1250 2302 petit
1275 2238 1303 2283 ut
1325 2228 1496 2287 Saturninum
1519 2238 1669 2301 presentem
1692 2227 1822 2298 usquead

161 2329 277 2395 interime,
293 2342 343 2395 quio
356 2324 412 2378 urea
426 2320 540 2393 synodus
561 2319 685 2374 celebrata
699 2326 745 2373 est.
771 2316 836 2385 Qoe
858 2332 915 2369 cum
929 2315 966 2370 ita
1018 2322 1206 2394 confessionem
1221 2321 1347 2395 falsorum
1359 2337 1415 2393 pure
1430 2322 1457 2378 in
1472 2339 1501 2377 ea
1513 2338 1590 2377 rausa
1606 2321 1684 2393 pessit
1696 2318 1820 2375 adducat.

161 2418 224 2486 Dilis,
245 2423 299 2473 ittut
322 2434 337 2471 u
361 2414 498 2469 Fertuttdo
517 2411 627 2467 diacono
649 2412 723 2483 episi.
745 2409 778 2463 ud
792 2406 927 2479 Pssillyiiliil
942 2415 966 2460 ei
1019 2415 1089 2471 Tum
1114 2432 1172 2489 qua)
1196 2416 1437 2483 mamntoblp'mpp,
1460 2415 1609 2485 imperatori
1630 2415 1691 2485 fidei
1714 2430 1824 2487 coquos.

165 2514 270 2570 Anatol.
295 2527 367 2566 num.
384 2510 412 2576 2,
428 2517 481 2561 turn
496 2508 523 2560 in
537 2506 670 2560 ueterrimo
690 2503 810 2559 Basilice
834 2501 968 2557 Vaticana
1018 2508 1107 2563 cende
1121 2508 1217 2580 cupido
1232 2509 1348 2580 eaponit,
1363 2509 1409 2582 qui
1431 2525 1463 2564 ea
1477 2509 1603 2580 frequenti
1624 2508 1766 2577 eiuratione
1779 2523 1826 2561 pc.

162 2605 369 2677 exemplarium
382 2602 440 2656 ideo
461 2601 609 2655 inscribitur
633 2600 701 2655 liber
721 2601 754 2654 orl
779 2597 966 2654 Crirtstuntium
1020 2601 1112 2656 uiderit
1127 2599 1281 2671 eoanpelicre
1293 2601 1353 2671 fidei
1367 2602 1500 2672 corruptio
1512 2616 1521 2655 :
1532 2600 1650 2672 adeoque
1660 2600 1694 2662 od
1705 2600 1826 2672 baptismi

163 2698 310 2764 nectendus,
336 2696 409 2767 quod
433 2710 491 2747 cunt
513 2693 645 2763 superiore
669 2696 808 2759 calcarent,
833 2694 878 2746 sed
900 2690 968 2763 qtsod
1020 2695 1099 2767 pidem
1113 2695 1272 2753 redeundum
1287 2694 1387 2754 suadet.
1404 2692 1571 2770 imperatoris
1596 2691 1688 2747 deinde
1709 2693 1826 2755 studium

163 2799 277 2863 tempore
293 2789 421 2861 posterior
435 2786 478 2840 sit.
494 2785 558 2841 Aliis
572 2785 615 2840 ltic
632 2787 820 2856 suspiciendam
845 2786 969 2856 relinqui·
1021 2789 1121 2855 laudat,
1143 2791 1220 2864 (idern
1242 2798 1342 2848 tantum
1357 2787 1499 2843 seeundum
1523 2803 1552 2841 ea
1570 2801 1626 2859 que
1647 2790 1742 2857 scripta
1765 2793 1829 2839 suin

163 2901 222 2939 mus
254 2881 432 2938 incredibilem
460 2881 616 2936 sanctissimi
650 2883 768 2955 pratulis
798 2882 967 2954 tipiioutianr,
1022 2884 1206 2941 desiderantis.
1230 2883 1378 2940 Commouet
1400 2893 1495 2950 tumen,
1519 2879 1620 2945 uullrrm
1640 2895 1694 2933 esse
1718 2879 1827 2934 lucereti-

163 2976 351 3045 tortitudinem,
376 2973 539 3043 prudentiam
554 2990 585 3027 ac
599 2974 687 3044 fidem,
711 2993 762 3046 qua
776 2994 843 3032 unus
856 2979 1007 3064 quarnuisc
1024 2995 1094 3045 cuns,
1110 2981 1153 3051 qui
1169 2989 1313 3034 corttmenta
1334 2993 1380 3034 suu
1403 2993 1435 3031 ea
1449 2974 1592 3057 Scripturis
1614 2971 1827 3053 transumptioni.

166 3064 251 3133 exsul,
279 3067 406 3121 lrnueticis
418 3066 580 3135 imperatoris
604 3077 727 3137 potestate
741 3070 857 3135 armatis,
872 3070 898 3122 in
914 3070 971 3139 ipsu
1024 3073 1137 3128 Densum
1148 3072 1280 3146 pollicitus
1294 3071 1359 3127 uiltil
1372 3087 1400 3127 se
1413 3087 1463 3124 uon
1476 3083 1507 3126 eo
1521 3066 1674 3149 seripturis,
1697 3062 1764 3118 nilril
1775 3080 1828 3118 nott

164 3161 237 3231 repia
260 3161 361 3214 ciuitate
375 3176 429 3213 sese
452 3177 503 3213 non
520 3162 604 3214 timuit
631 3179 767 3234 opponere,
797 3165 847 3217 into
866 3164 905 3217 sui
921 3174 971 3216 ter·
1023 3168 1058 3229 ap
1075 3165 1229 3224 Orientisne
1246 3163 1502 3239 Occidentispoeem,
1519 3157 1830 3243 nilriluonountlrouere

163 3266 248 3306 rorem
273 3253 386 3305 insonuere
409 3252 498 3304 ualuit.
529 3250 620 3321 Nrrptte
642 3255 708 3307 euim
733 3255 805 3308 inani
829 3265 921 3308 conatu
944 3271 971 3308 se
1022 3263 1095 3339 segni
1109 3279 1139 3318 ne
1153 3262 1303 3334 sepiorpitlei
1318 3262 1458 3330 dicturum,
1482 3256 1610 3339 quoddam
1632 3252 1758 3308 sermonis
1783 3256 1828 3324 fn-

165 3342 293 3397 lroeretieis
306 3343 437 3412 opposuit,
457 3344 502 3411 tptti
522 3344 579 3398 lieet
600 3362 651 3399 nort
671 3345 809 3401 obtinuerit
831 3349 899 3418 qtrod
922 3349 970 3401 lroc
1022 3357 1075 3412 turi
1092 3358 1184 3431 pignus
1197 3356 1339 3425 prenditis.

167 3432 254 3488 titetto
277 3434 407 3503 poscebat,
433 3451 475 3487 cos
501 3445 567 3489 certe
592 3437 749 3507 infirmitatis
773 3454 828 3493 suoe
847 3441 966 3494 constitit.

165 3563 315 3587 “--
324 3569 408 3582 -..n-

166 3640 348 3736 Μ
595 3663 955 3830 SANCTI
1011 3670 1405 3827 HILARII

387 3924 1112 4035 inconsumptum
1179 3924 1600 4035 nunusuuru

811 4123 932 4187 LIBER
965 4123 1184 4203 SECUNDUS;

645 4262 718 4313 nostr
733 4263 769 4304 nr
786 4262 1033 4307 consrinrruoeour
1048 4264 1131 4306 ernest
1141 4264 1199 4306 rese
1212 4263 1350 4307 rntororr.

858 4361 869 4429 (
881 4362 994 4427 Scriptus
1004 4375 1069 4414 anno
1079 4363 1149 4427 36⁰.)

205 4473 233 4529 i.
259 4471 380 4528 ililarius
403 4473 430 4527 in
454 4471 522 4542 repis
549 4472 694 4543 presentia.
708 4502 744 4515 -
761 4472 820 4528 Non
846 4488 906 4528 sum
929 4473 1166 4547 neDreltginso,
1189 4471 1330 4545 dijudicet.
1355 4474 1390 4532 Et
1412 4476 1583 4546 nuisnriltis
1604 4475 1661 4533 lien
1675 4477 1830 4549 presentiae

166 4563 250 4633 seius,
268 4563 387 4635 piissime
401 4564 559 4636 imperator,
572 4579 602 4620 en
611 4580 671 4636 quse
684 4565 762 4637 (mdo
775 4566 914 4622 nonnuliis
928 4581 975 4624 ne·
1027 4552 1084 4621 ture
1100 4565 1288 4637 opportunitas
1303 4568 1422 4641 prestita
1434 4577 1486 4638 est,
1504 4582 1554 4625 nee
1566 4583 1629 4639 erga
1646 4569 1704 4623 true
1716 4569 1791 4638 nnius
1802 4583 1830 4626 ru

168 4657 249 4729 petiis
260 4659 292 4713 nd
302 4657 477 4714 corrsrienrirs
488 4658 602 4730 pontion
615 4658 781 4727 erudientium
791 4660 973 4732 proteruntur,
1027 4660 1200 4719 entrscientin
1213 4675 1281 4717 meas
1296 4665 1413 4718 cessarit
1425 4661 1545 4718 otiolum
1559 4680 1565 4716 :
1581 4674 1608 4717 ιιι
1621 4662 1648 4717 ἰιι
1661 4676 1735 4727 erttn,
1747 4677 1830 4733 uttrrn

170 4764 220 4821 pru
234 4750 366 4821 dignitate
376 4765 469 4805 eorum
480 4751 525 4819 oui
535 4751 708 4820 eloquuntur,
717 4752 760 4808 rel
770 4755 863 4823 grstia
883 4753 976 4808 existi·
1026 4752 1098 4825 opud
1124 4763 1149 4808 te
1170 4752 1258 4824 trohen
1281 4753 1315 4808 do
1339 4754 1470 4826 religione
1494 4770 1659 4823 sermonem,
1682 4756 1832 4827 indignitas

169 4841 239 4897 tnsri
263 4841 368 4909 solere,
394 4842 436 4898 vet
451 4842 522 4898 levin
537 4861 543 4896 :
561 4841 598 4915 (b)
612 4842 674 4898 dnm
691 4842 853 4900 distantibus
867 4845 975 4917 opinio·
1027 4830 1096 4901 torte
1110 4845 1198 4916 aliqua
1215 4856 1300 4903 teornn
1316 4846 1451 4918 loquentis
1465 4848 1594 4905 attendat.

171 4931 264 5001 nibus,
277 4934 430 5007 unibiguurn
442 4934 603 5015 sententian
615 4934 647 4990 sd
661 4934 778 4993 studium
790 4935 975 5005 intelligentias
1061 4936 1089 4993 2.
1115 4936 1209 4995 Gallie
1222 4936 1346 4995 Ecclesiis
1370 4942 1551 4998 communicat.
1577 4940 1688 4999 desolat
1702 4943 1829 5014 emtione.

166 5039 310 5098 promovet
324 5027 442 5083 hominis
456 5039 638 5099 contemptus,
660 5040 708 5086 out
725 5032 823 5099 gratis.
837 5030 891 5086 Sed
906 5032 972 5086 rnitti
1025 5027 1066 5082 tte
1079 5045 1126 5083 sua
1140 5031 1288 5084 innocentia
1302 5047 1417 5085 securus.
1431 5061 1465 5073 ·-
1481 5033 1633 5104 Episcopus
1653 5048 1704 5104 ego
1724 5050 1785 5090 sunt
1803 5037 1830 5093 in

170 5118 242 5190 opud
267 5128 293 5175 te
315 5119 350 5175 do
373 5120 465 5176 dirius
490 5135 519 5176 re
538 5120 587 5191 pia
609 5119 727 5187 dicturo,
751 5123 839 5195 ntrttns
853 5122 972 5194 tulgntae
1025 5122 1144 5181 ornniurn
1158 5120 1195 5198 (e)
1221 5122 1384 5183 Gallicorum
1407 5126 1585 5183 ecclesiarum
1611 5138 1690 5211 stqne
1722 5130 1832 5201 episeo-

170 5213 375 5281 ronsuetudinis
397 5224 484 5270 ntettrs
507 5226 548 5273 est
573 5233 579 5269 ι
603 5213 676 5286 quis,
701 5229 762 5273 eum
786 5217 824 5273 sis
838 5215 926 5277 bonus
942 5231 974 5274 ee
1027 5226 1123 5284 norunt
1138 5216 1340 5281 communione,
1367 5217 1431 5273 lieet
1447 5219 1474 5277 in
1490 5220 1598 5290 exsilio,
1613 5236 1788 5292 permanens,
1803 5234 1833 5281 et

172 5304 331 5375 religiosus,
358 5323 409 5363 neo
433 5305 526 5363 titium
546 5306 639 5376 judieii
662 5307 732 5376 apud
746 5307 893 5380 prudentes
909 5309 970 5364 reti·
1009 5304 1253 5362 <Ecclesiaendttne
1266 5324 1315 5378 per
1336 5312 1508 5385 presbyteros
1520 5329 1596 5371 meos
1609 5317 1831 5375 communionem

175 5400 297 5477 pinnum,
311 5400 404 5473 quido
425 5415 479 5472 qtto
499 5400 600 5469 audiat,
615 5399 663 5456 sed
682 5414 715 5456 nn
730 5416 791 5472 qrtee
805 5399 896 5471 audiat
919 5399 974 5456 sint
1024 5398 1198 5455 distribuens.
1216 5400 1320 5456 lissuto
1333 5412 1424 5460 nutem
1440 5421 1493 5462 non
1508 5408 1633 5476 erimine,
1658 5406 1707 5464 ted
1731 5407 1832 5465 tactio·

205 5560 244 5636 (a)
259 5560 351 5618 Codes
365 5561 427 5619 Vnt.
442 5561 570 5628 basiliere,
585 5562 617 5648 de
637 5560 765 5637 ptertsoso
779 5563 810 5619 de
823 5562 968 5620 nonnullis.
1023 5572 1164 5646 permonet,
1181 5580 1234 5622 non
1249 5577 1380 5638 promovet
1391 5585 1400 5626 .·
1413 5584 1445 5627 ee
1459 5579 1552 5645 postes
1568 5571 1595 5630 in
1607 5572 1712 5635 duobus
1730 5575 1828 5655 plorip,

172 5629 265 5699 Forte,
278 5650 295 5688 a
306 5633 433 5705 ptertspnc
445 5634 477 5690 ds
490 5634 631 5690 nonnullis.
1020 5654 1070 5714 pro
1084 5648 1177 5712 praere

207 5702 245 5776 (t)
268 5700 298 5762 in
320 5719 386 5764 mss.
412 5704 474 5775 dum
493 5704 534 5773 ltls
556 5707 634 5767 tantis
654 5706 880 5803 opinionibusret
901 5724 965 5779 snos
1053 5709 1089 5791 (c)
1104 5708 1166 5781 ilss.
1182 5708 1337 5785 doliturum,
