3884 6136
156 309 208 365 dot
496 302 530 361 ΙΝ
549 299 679 358 illlam!
696 295 804 357 tarsu.
826 291 891 352 SEU
917 290 1028 351 LlBEL.
1050 288 1278 351 otssttttuauttl
1295 288 1470 351 SECUNDA.
1755 288 1814 348 lod

152 427 224 499 qarod
239 424 340 484 indicet
351 438 400 481 nos
415 421 541 481 meliores
552 434 624 487 esse,
636 432 718 490 quarn
733 414 834 475 bestias
847 430 854 466 ι
869 410 952 466 ιθιιι-
963 410 994 475 A
1005 408 1076 479 quod
1091 410 1187 476 adest,
1213 409 1340 483 quodque
1359 423 1480 480 praesens
1495 415 1547 475 cst,
1564 421 1594 465 se
1607 407 1811 473 accommodat,

151 521 227 577 nium
240 519 312 577 etaim
327 514 485 571 animalium
497 528 623 584 corpora,
648 511 708 569 site
721 524 781 583 qua
807 507 836 564 in
856 506 952 577 aquit,
1006 499 1142 571 panlnlum
1167 498 1315 559 admodum
1339 502 1462 558 sentiens
1478 500 1658 572 preteritum,
1671 509 1721 557 aut
1733 498 1812 555 iutu-

151 614 210 671 siue
221 626 280 681 num
290 610 401 667 interra
417 608 528 675 riserat,
541 605 599 665 slus
612 620 672 676 qua
690 605 717 661 in
736 616 800 659 aere
817 598 950 663 uolitant,
1005 609 1076 652 rrtrn.
1096 592 1184 650 tione
1198 606 1300 666 autem,
1314 594 1388 669 quod
1403 596 1517 653 rationis
1531 606 1574 653 est
1589 594 1748 669 particeps,
1764 609 1813 667 per

152 703 280 760 inclinata
308 708 374 759 sunt
393 698 427 755 ad
444 706 555 764 terram,
576 706 604 754 et
627 712 680 757 uon
695 703 758 755 sual
769 701 871 757 erecta,
883 689 954 745 sieut
1003 702 1083 758 quam
1098 688 1292 758 consequentia
1307 688 1405 755 ceratit,
1418 703 1514 749 eamus
1530 703 1621 745 rerum
1641 686 1728 753 ridet,
1763 701 1812 741 ee-

152 792 271 851 lrontinls
282 806 391 861 corpus.
405 790 465 859 Quo
476 787 643 861 significatur
658 787 739 847 etiam
755 784 875 841 animum
890 795 953 837 nos·

151 895 222 942 trum
235 886 391 955 insuperata
405 898 465 951 sua,
480 881 558 939 idest
570 880 597 941 in
613 890 712 937 aterum
727 876 877 949 spiritualia
890 888 951 930 ere·

149 987 225 1036 ctutn
255 992 316 1035 esse
350 976 461 1033 debere.
498 974 535 1033 lta
566 973 727 1044 intelligitur
750 986 798 1042 per
830 968 953 1025 antimum

149 1070 289 1134 naaritue,
310 1069 463 1125 adtestante
487 1067 568 1123 etiam
588 1073 680 1122 erecta
706 1060 831 1135 eorporis
853 1060 950 1129 larana,

149 1162 233 1221 homo
249 1164 335 1219 lacum
353 1160 387 1217 ad
403 1160 558 1230 imaginent,
573 1165 600 1217 el
615 1154 821 1215 sirnilltndinem
836 1152 896 1211 Ilei.
913 1171 922 1205 ι

186 1254 260 1311 ldem
275 1252 338 1310 alilri
353 1251 395 1311 tris
406 1252 497 1309 verbis
519 1251 617 1323 repetit
634 1250 696 1323 llil.
711 1264 812 1307 ttxxtn
831 1244 952 1319 quento-

150 1366 222 1417 num,
250 1358 340 1420 quest.
353 1347 398 1415 51,
425 1362 452 1401 n.
467 1344 495 1412 2,
523 1342 551 1416 5)
566 1361 572 1398 :
590 1363 600 1398 t
615 1341 758 1411 Quomodo
780 1352 871 1396 autom
896 1354 950 1393 non

150 1446 186 1502 sit
200 1446 389 1517 iricongruum,
404 1439 476 1512 qttod
491 1438 590 1497 d'tt'ttttr
602 1437 683 1495 ctiam
697 1449 796 1506 corpus
806 1435 905 1491 lactum
916 1430 950 1487 ad

151 1535 357 1593 similitudinem
373 1533 432 1597 Dei,
448 1532 529 1589 tacite
540 1530 679 1600 intelligit,
694 1527 740 1600 qni
753 1527 896 1599 diligenter
909 1533 952 1578 at-

150 1631 234 1687 tendit
247 1627 320 1700 qnod
334 1627 435 1683 dictum
456 1637 498 1681 est
513 1643 519 1677 :
537 1624 572 1683 Et
593 1623 658 1679 lecit
674 1624 744 1680 Deras
769 1621 860 1677 otrttria
879 1620 950 1677 bona

1004 794 1118 855 rtnnque
1132 795 1304 853 progressus,
1319 792 1346 840 et
1358 781 1434 855 quasi
1447 781 1650 838 antecessiones
1662 795 1718 836 non
1732 779 1815 853 igno·

1003 884 1056 941 rat,
1079 872 1271 931 similitudines
1295 866 1444 946 comparat,
1465 883 1493 931 et
1520 875 1602 931 rebus
1621 870 1809 949 presentibus

1003 965 1229 1043 adiunguntque
1252 968 1373 1025 artneetit
1396 965 1520 1024 luituras:
1536 966 1613 1023 lacile
1638 966 1722 1023 totius
1747 964 1812 1020 rita)

1003 1073 1114 1115 cursum
1135 1059 1217 1129 videt,
1241 1061 1275 1119 ed
1298 1076 1413 1133 mmnue
1438 1061 1584 1133 regendam
1603 1067 1741 1131 praeparat
1761 1073 1808 1117 res

1003 1152 1183 1208 necessarias.
1209 1152 1365 1225 Eademque
1386 1162 1481 1211 natura
1497 1153 1522 1210 vi
1540 1154 1655 1211 rationis
1668 1150 1810 1209 hontioeur

1002 1245 1129 1301 conciliat
1140 1246 1241 1303 laomini
1256 1247 1444 1318 adorationis,
1458 1257 1486 1307 et
1500 1248 1534 1307 ad
1549 1248 1610 1305 vita
1621 1249 1786 1319 streletatsm
1802 1263 1809 1301 τ

1004 1337 1200 1411 ingeneratque
1223 1339 1361 1413 inprimis
1381 1342 1548 1413 praecipuum
1567 1342 1713 1415 qtremdatn
1730 1357 1808 1397 anto·

1002 1445 1061 1486 reru
1076 1430 1102 1485 iu
1119 1447 1177 1495 eos,
1194 1433 1239 1503 qui
1256 1435 1388 1504 procreati
1405 1442 1469 1491 sunt
1486 1452 1493 1488 z
1509 1434 1691 1507 impellitque,
1711 1443 1742 1491 ut
1757 1430 1809 1489 Ιιιι-

1002 1523 1104 1577 tninnm
1120 1535 1217 1593 emtus,
1232 1531 1260 1581 et
1274 1526 1471 1587 celebrationes
1485 1536 1514 1585 et
1530 1542 1604 1597 esse,
1617 1537 1644 1585 et
1657 1543 1673 1585 a
1687 1544 1717 1583 sc
1732 1526 1804 1583 obiri

1004 1614 1096 1669 uelit.»

149 1721 229 1781 ualde
244 1719 321 1792 (Gen.
341 1734 381 1782 ιιι,
396 1717 434 1791 l).
458 1716 544 1773 Neutro
567 1714 642 1772 enim
663 1712 780 1779 dubitat,
801 1714 865 1784 quin
890 1712 950 1783 ipse
1038 1706 1083 1762 51.
1107 1708 1152 1766 llis
1167 1709 1257 1779 adde,
1274 1727 1307 1769 ae
1323 1712 1423 1769 astallus
1436 1712 1560 1781 allerant,
1574 1730 1635 1786 qne
1647 1714 1730 1773 docet
1752 1714 1805 1773 lroc

148 1814 274 1887 primitus
287 1811 323 1868 sit
333 1813 430 1869 burrus.
444 1810 549 1879 Corpus
562 1823 671 1879 qutrnue
686 1807 815 1872 ltominis,
829 1806 890 1876 quia
903 1821 948 1861 so·
963 1801 987 1865 B
1000 1790 1086 1871 soper'
1098 1815 1259 1875 argumento
1275 1804 1443 1877 Augustinus
1466 1806 1511 1877 (de
1535 1804 1645 1864 ditatis
1664 1808 1805 1880 qnoenioa.

148 1904 204 1963 lum
223 1906 294 1961 inter
314 1902 473 1961 anirnalinm
498 1911 670 1957 terrenorum
683 1912 798 1970 corpora
819 1913 872 1952 ιιοιι
887 1915 949 1967 pro·
1001 1905 1118 1956 ulam,
1130 1903 1221 1963 queat.
1234 1893 1280 1957 at,
1293 1910 1321 1949 n.
1336 1891 1374 1968 ὅ).
1388 1892 1476 1951 Pauca
1487 1895 1591 1967 seligo:
1607 1915 1615 1949 ι
1635 1895 1695 1953 Non
1710 1898 1809 1954 imore·

148 2014 212 2055 num
226 1997 253 2055 in
266 1996 350 2055 alium
362 2003 591 2069 prostratnnrest,
604 1993 714 2048 comsit
726 1991 901 2061 risibile,sed
914 1991 948 2046 ad
1001 1983 1064 2047 lito,
1083 1984 1170 2054 inquit
1180 1985 1235 2054 ille,
1250 1996 1279 2042 et
1297 1987 1349 2044 iste
1365 1986 1447 2045 home
1462 1987 1598 2063 particeps
1613 1988 1715 2047 dicitnr
1730 1988 1801 2047 sima

147 2089 307 2148 intuendum
322 2089 422 2149 eoelum
437 2094 594 2145 erectum...
606 2084 688 2142 etiam
704 2085 765 2154 nula
782 2084 837 2140 tale
850 2091 903 2148 est,
920 2092 949 2137 ut
1001 2074 1122 2131 litmliuis
1139 2076 1197 2144 liei,
1225 2093 1280 2136 non
1305 2079 1393 2137 solutu
1420 2081 1483 2153 quia
1501 2080 1578 2147 uiuit,
1589 2081 1663 2153 quod
1678 2083 1763 2139 etiam
1780 2081 1807 2139 iu

148 2182 182 2238 ad
195 2178 432 2251 contemplandum
443 2179 541 2241 coelum
552 2175 588 2233 ait
601 2176 702 2247 aptius,
711 2175 795 2249 stragis
810 2173 837 2229 ln
851 2172 904 2229 lroe
915 2172 948 2228 ad
1000 2165 1096 2222 bestiis
1117 2177 1248 2240 apparet;
1264 2169 1311 2228 sed
1328 2173 1445 2246 amplius
1460 2174 1532 2246 quod
1547 2172 1581 2232 ad
1595 2184 1718 2233 merrtem
1732 2192 1802 2235 con.

150 2275 306 2349 imaginem,
318 2271 560 2333 etsim'tlitudittem
573 2268 715 2341 nonquam
726 2277 824 2325 caetera
835 2281 947 2339 corpora
1001 2261 1114 2316 territur
1127 2278 1157 2317 se
1172 2274 1322 2341 regentem,
1336 2283 1417 2338 quam
1439 2267 1558 2325 illustrat
1573 2268 1721 2341 sapientia,
1732 2269 1806 2345 qnod

154 2365 323 2434 attimalium,
338 2366 437 2423 lactum
453 2363 540 2421 rideri
555 2371 677 2435 polest.»
999 2350 1026 2407 ln
1042 2352 1136 2409 bestiis
1151 2370 1203 2410 non
1231 2365 1321 2431 potest
1344 2360 1448 2416 ratione
1472 2361 1642 2419 carentibus.
1662 2381 1673 2416 t
1701 2362 1808 2421 Recole

183 2459 228 2515 tt.
243 2458 313 2528 Quin
327 2467 355 2512 et
369 2455 455 2511 Potlro
470 2451 637 2510 troarnensis
648 2451 706 2527 (tlt.
729 2468 739 2506 t
761 2450 796 2508 de
810 2460 881 2509 statu
895 2448 947 2505 do·
999 2461 1060 2515 oum
1075 2461 1107 2501 ex
1122 2444 1247 2518 Philone,
1259 2448 1401 2511 Clemente
1413 2453 1611 2525 Alexandrino,
1625 2454 1746 2531 aliisque
1757 2458 1809 2517 Ρι-

148 2569 208 2609 tutus
225 2552 284 2617 oei,
294 2550 340 2606 sul
354 2550 431 2620 finem
441 2559 503 2603 tent.
515 2564 541 2603 ιιι
556 2545 679 2601 ditant.
696 2542 769 2599 Patr.
784 2544 846 2599 edit.
859 2541 947 2600 Puris.
1000 2544 1097 2613 tribus¹
1108 2544 1179 2601 Ml
1194 2559 1220 2602 et
1231 2546 1278 2617 26,
1291 2559 1318 2607 at
1333 2566 1428 2611 rursus
1440 2568 1468 2609 ιι.
1480 2553 1516 2611 52
1529 2570 1564 2615 ex
1577 2555 1725 2617 Ambrosio
1737 2566 1809 2615 sttu·

147 2666 208 2723 pop.
222 2644 288 2717 titt)
319 2646 345 2702 id
370 2646 458 2717 ipsum
475 2643 574 2713 innuit,
590 2652 723 2715 qnatenus
736 2639 947 2715 pulcritudinem
999 2634 1090 2693 liunus.

146 2742 269 2813 corporis
291 2742 328 2795 ita
347 2738 531 2804 construendam,
549 2747 577 2792 ut
593 2745 707 2793 testetur
719 2751 788 2809 opus
806 2736 947 2808 sapientiae
1037 2728 1081 2786 52.
1102 2728 1265 2805 Gotrjunctio
1292 2751 1374 2811 porro
1396 2738 1453 2812 ipsa
1476 2741 1575 2799 enimse
1602 2750 1631 2801 et
1655 2742 1805 2815 corporis,

146 2850 194 2908 per
207 2833 296 2889 olltcia
308 2832 431 2904 corporis
444 2830 555 2888 diversa
571 2831 730 2886 monstrari.
998 2839 1161 2899 quamquam
1176 2827 1290 2897 hortatui,
1306 2841 1449 2905 postquam
1478 2834 1504 2891 iu
1518 2843 1664 2907 peecatum
1683 2835 1806 2901 decidit,

181 2927 227 2984 tt.
248 2923 301 2983 Sed
315 2939 363 2980 cur
378 2925 572 2981 Darrrasoennm
589 2939 643 2979 non
667 2921 947 2996 alle-gamaslquippe
999 2918 1115 2991 ideoque
1131 2930 1272 2992 postquam
1299 2939 1314 2978 a
1340 2925 1552 2994 praeclarissima
1572 2926 1620 2985 ille
1635 2926 1804 2985 irnnocentiae

145 3034 178 3076 er
193 3017 306 3089 antinno
323 3017 480 3089 scriptore,
495 3031 574 3087 qrrcm
598 3013 763 3069 lletlrodium
783 3014 810 3069 in
827 3012 898 3069 libro
916 3013 948 3067 de
999 3020 1081 3078 statn,
1098 3014 1124 3069 in
1136 3029 1189 3087 quo
1207 3016 1333 3075 eonditns
1348 3029 1401 3087 est,
1422 3020 1535 3087 corruit,
1553 3021 1679 3079 nouttilril
1699 3021 1806 3079 incoat-

144 3112 408 3178 retttrrectione,essc
418 3110 527 3167 aitl‘de
538 3108 791 3179 ostent-eederet
801 3104 949 3181 (olatQuis
998 3105 1078 3160 moda
1094 3107 1140 3172 sit,
1156 3109 1284 3178 quoniam
1298 3126 1405 3183 eorpus,
1423 3113 1492 3185 quod
1504 3113 1695 3185 corrumpitur,
1710 3131 1806 3191 eggre-

144 3203 241 3261 duram
254 3205 358 3263 ossium
383 3202 563 3260 substantiam
581 3199 734 3275 eorrtpegitl
748 3201 807 3273 quis
823 3198 945 3257 tnernlrra
959 3179 982 3243 C
998 3206 1039 3251 ant
1053 3199 1176 3268 striatam,
1193 3216 1255 3257 cum
1269 3201 1414 3261 utilissima
1436 3203 1528 3263 lutura
1542 3204 1650 3272 luisset,
1665 3206 1688 3263 si
1713 3206 1743 3265 itt
1755 3222 1805 3265 au·

144 3295 291 3370 colllgarit,
308 3308 337 3353 ut
360 3301 451 3353 neruis
466 3296 654 3363 tenderentur,
670 3301 698 3351 et
719 3295 790 3351 circa
803 3294 945 3365 juncturas
998 3292 1071 3363 liqna
1097 3292 1249 3363 dignitate,
1275 3296 1331 3355 Deo
1355 3298 1507 3370 obediens,
1537 3301 1730 3371 perstitisset:
1749 3300 1805 3359 suis

144 3389 244 3455 inflexa
271 3389 527 3459 laxaretrturlouis
555 3390 695 3457 humores,
723 3388 888 3463 ntollcrnque
911 3406 944 3446 ex
998 3393 1087 3440 [altien
1101 3386 1189 3442 adhuc
1209 3402 1262 3443 ⁰⁰¹¹
1278 3400 1354 3446 caret
1366 3390 1569 3451 emolumentit-
1584 3392 1701 3452 Scilicet
1720 3392 1805 3451 buli·

144 3483 229 3540 ltunro
243 3499 362 3551 carerem,
376 3484 506 3555 saraguine
521 3496 581 3538 cam
597 3479 782 3553 pertundenda
798 3479 944 3536 icenronte-

143 3573 182 3631 nit
195 3575 207 3628 i
222 3574 302 3633 Solus
317 3576 396 3648 plane
412 3574 653 3645 praestantissimus
675 3572 772 3628 artilex
802 3573 883 3639 licus,
899 3572 944 3642 «ptri

143 3666 292 3734 luttninem,
310 3666 334 3723 td
349 3674 391 3724 est
405 3666 509 3722 ratione
522 3664 675 3738 praeditam,
687 3675 712 3719 et
727 3664 866 3719 mdtrtutetn
878 3664 943 3718 into·

141 3759 227 3831 pluent
241 3774 327 3826 artant,
343 3772 403 3821 nos,
417 3756 537 3828 inquam,
556 3753 710 3823 lubricarit,
727 3766 753 3811 et
768 3772 801 3811 cx
815 3754 943 3823 ltutrrido,

142 3863 170 3910 et
183 3854 330 3925 perexiguo
351 3853 456 3907 sertaine
481 3851 508 3905 ln
531 3850 611 3905 uulua
639 3849 744 3914 rnatris,
761 3848 834 3903 utrlut
848 3864 863 3904 c
878 3863 942 3904 cera

142 3945 332 4003 cttttlurtnatlt.
349 3941 448 4017 Ecquis
457 3941 531 3998 enirn
542 3951 595 4010 est,
607 3942 651 4013 qui
665 3940 797 4011 providet,
814 3956 847 3995 ne
863 3938 944 3997 loetus

142 4041 265 4097 hrrtuoris
289 4039 378 4111 copia,
395 4048 422 4094 et
441 4036 645 4107 compressione
661 4048 787 4090 nasorum
810 4033 942 4098 tristatus,

141 4131 215 4188 lutus
236 4130 410 4202 prat-locetur?
426 4133 479 4185 Aut
492 4128 563 4199 quis,
577 4137 719 4201 postquam
731 4134 853 4199 gestatus
867 4136 944 4181 utero

142 4234 194 4290 est,
210 4235 237 4280 et
249 4224 355 4282 tandem
370 4223 397 4279 in
413 4224 501 4280 locem
515 4223 614 4284 editos,
630 4237 661 4279 ex
686 4212 835 4283 irrrbecillo.
854 4233 881 4276 et
892 4237 941 4290 pu·

142 4316 204 4373 silio
220 4331 356 4387 nrrrgaunt,
372 4315 525 4386 pnlelrrmn,
542 4323 569 4370 et
587 4315 728 4370 roltostmn
744 4313 872 4380 reddidit,
889 4315 941 4368 nisi

140 4411 211 4468 ldem
239 4408 307 4480 ipse.
331 4422 411 4480 quern
439 4406 520 4461 modo
544 4405 680 4473 dicebant,
699 4406 941 4477 praestantissimus

140 4499 267 4556 corrditor
280 4500 360 4562 Deus.
378 4499 423 4569 qui
448 4494 576 4571 potentiae
598 4509 654 4550 sarae
670 4494 841 4563 efficacitate,
858 4496 941 4553 instar

998 3475 1098 3531 tudinis
1109 3479 1330 3536 cumulatissinne
1353 3483 1513 3555 participem
1529 3484 1639 3543 medem
1652 3485 1802 3555 aliquando

997 3568 1078 3627 laciet
1094 3570 1250 3638 lrrrrninem,
1272 3589 1324 3645 qua
1346 3574 1475 3635 nimirum
1499 3577 1545 3636 ille
1561 3579 1692 3651 potietur,
1707 3579 1733 3636 si
1744 3593 1803 3635 cnr·

997 3676 1062 3733 pore
1085 3664 1118 3719 ad
1141 3680 1203 3721 enrn
1220 3682 1297 3723 trsnnr
1314 3676 1427 3738 utetur,
1452 3680 1566 3742 propter
1578 3688 1660 3745 quem
1672 3672 1802 3731 conditos

996 3752 1079 3813 lrorno
1094 3764 1152 3825 est;
1168 3767 1198 3812 ut
1216 3750 1320 3816 scilicet
1333 3760 1432 3819 diuinis
1442 3763 1566 3835 irtssilrus
1581 3764 1763 3836 obsequatur,
1778 3775 1805 3823 ct

996 3858 1100 3917 pareat.
1114 3847 1156 3905 An
1171 3864 1224 3905 nou
1241 3850 1313 3906 istud
1329 3867 1442 3925 corpus,
1458 3855 1529 3927 guod
1542 3856 1688 3912 terniuetur
1703 3858 1731 3911 in
1746 3873 1804 3912 cor-

995 3942 1124 4010 ruptione,
1137 3953 1223 4015 surpet
1249 3943 1276 3999 t'n
1290 3945 1486 4018 t'rteorruptt‘one
1497 3950 1546 4004 l...
1561 3948 1595 4004 Et
1606 3948 1676 4021 quod
1690 3951 1805 4006 cerninu-

995 4045 1037 4091 tur
1047 4038 1170 4104 mrimole,
1185 4049 1272 4113 surget
1287 4057 1380 4110 eorpus
1395 4043 1513 4114 spiritale
1526 4042 1549 4117 (1
1559 4042 1681 4102 Corintlt.
1693 4062 1743 4113 ιι,
1757 4046 1806 4113 la,

994 4129 1065 4201 llll
1092 4130 1253 4189 Effundetur
1280 4135 1385 4191 seilicet
1404 4135 1431 4191 in
1455 4152 1557 4208 ctrrpus
1581 4138 1669 4209 ipsum
1697 4141 1806 4213 egregia

995 4221 1131 4294 qnamdam,
1148 4232 1175 4278 et
1190 4239 1254 4281 nere
1267 4225 1387 4282 ooelestis
1397 4227 1535 4296 relegatas,
1555 4243 1588 4287 ac
1604 4230 1739 4298 suavitas,
1753 4247 1806 4301 tgna

995 4312 1059 4370 illnd
1074 4314 1219 4382 irrrlruturn,
1233 4331 1265 4374 ae
1276 4318 1360 4373 ueluti
1374 4317 1546 4393 absorptum,
1563 4336 1618 4377 non
1635 4321 1719 4377 modo
1733 4320 1803 4378 ttilril

994 4423 1028 4463 ex
1047 4407 1118 4464 mole
1131 4409 1200 4481 ipsa,
1212 4426 1254 4477 ae,
1271 4412 1294 4468 si
1311 4427 1407 4468 uocare
1421 4414 1457 4470 ita
1472 4414 1552 4481 sinis,
1567 4416 1735 4485 corpulentia
1754 4431 1808 4474 tna

995 4500 1112 4571 patietur
1127 4503 1304 4573 incommodi,
1323 4520 1416 4563 nerant
1432 4506 1514 4562 etiam
1525 4505 1756 4579 iracundissimam
1773 4524 1808 4565 ae

139 4594 251 4673 plctpris
265 4590 417 4664 errp'nsdam,
430 4591 531 4645 lormas
546 4588 572 4644 in
583 4587 722 4645 diuersum
739 4588 845 4644 rrtrrtat?
869 4590 941 4646 Deus
954 4577 981 4639 D
994 4595 1071 4663 plane
1092 4592 1234 4651 mirificam
1249 4611 1282 4650 θ,
1307 4612 1339 4653 ea
1354 4597 1485 4669 percipiet
1498 4596 1726 4655 oh'ecmjonem·
1744 4596 1805 4657 noc

138 4684 349 4744 immortalitatis
364 4692 416 4750 est,
432 4684 497 4745 rita,
519 4693 546 4738 et
562 4681 731 4754 incorruptio
746 4699 752 4738 ε
767 4698 836 4754 opus
848 4693 939 4740 antem
994 4684 1028 4742 de
1042 4695 1202 4758 argumento
1214 4702 1276 4745 euru
1291 4686 1338 4743 alii
1353 4688 1441 4758 mtrlti,
1456 4696 1512 4747 tnns
1524 4688 1678 4763 praesertim
1691 4687 1808 4749 diesem

139 4780 199 4847 llei,
214 4779 329 4837 ltomo...
346 4780 379 4835 dt
393 4777 428 4834 de
440 4775 549 4833 hananiae
562 4792 614 4833 non
628 4778 690 4833 item
703 4777 781 4845 alluit,
793 4775 940 4844 Producam
993 4780 1119 4852 egregins
1141 4778 1183 4834 uir
1196 4776 1350 4836 Cardinalis
1366 4778 1549 4839 Bellarminus
1575 4780 1603 4839 in
1623 4795 1656 4838 eo
1684 4781 1803 4850 libello,

137 4874 186 4932 ted
199 4893 206 4932 t
218 4870 243 4928 F
245 4874 358 4929 amantur
372 4872 499 4927 lacrimem
512 4871 547 4926 ud
557 4871 694 4944 inruginenr
706 4881 856 4939 nostramet
869 4872 928 4927 almi
934 4903 941 4915 ·
993 4889 1072 4944 qttem
1084 4874 1116 4927 de
1125 4872 1280 4929 Sanctorum
1293 4874 1418 4947 felicitate
1428 4872 1566 4944 insetiltll,
1578 4874 1614 4933 de
1623 4848 1678 4949 gato
1689 4874 1807 4951 quidem

137 4968 282 5023 titudinem.
301 4968 334 5025 Et
349 4967 495 5039 assrrmpsit
514 4965 587 5023 Deus
613 4966 754 5039 pulverem
769 4966 803 5024 de
819 4977 899 5033 terra,
912 4978 941 5024 et
993 4966 1083 5022 lilrello
1103 4968 1259 5039 pronuntiat
1285 4966 1497 5043 Vindelimtslin
1519 4968 1625 5045 praelat.
1642 4969 1678 5027 ad
1692 4970 1806 5049 plrpsie.

137 5062 246 5120 ellnttit
258 5077 333 5120 sum.
348 5080 359 5114 ι
375 5059 473 5118 llltnia
486 5060 571 5119 tradit
584 5060 612 5116 irs
627 5061 762 5132 perlato
776 5061 804 5119 in
818 5076 853 5119 eo
864 5063 936 5129 laco,
993 5058 1197 5133 particularem)
1214 5060 1360 5133 (eruditos,
1383 5060 1483 5132 lateor,
1509 5063 1727 5139 ingeniosusque
1739 5064 1805 5137 ppt.

136 5168 218 5228 quem
233 5157 261 5212 in
275 5153 352 5213 calce
367 5153 472 5225 pagine
487 5152 574 5226 allego
587 5148 637 5226 (l),
654 5166 736 5227 quem
746 5152 847 5211 Lector
871 5168 936 5213 eon·
992 5149 1134 5222 losopltus‚
1159 5150 1207 5207 sed
1223 5150 1392 5217 Bellarmini.
1406 5164 1488 5227 atque
1507 5154 1578 5213 adeo
1593 5148 1804 5215 catholicorum

136 5248 208 5305 ⁸⁰¹³*
223 5257 299 5322 ⁰9¹⁰·
989 5243 1111 5298 omnium
1125 5242 1449 5319 acerrimusltostislplue
1461 5264 1520 5303 eum
1528 5246 1805 5319 minuendarum,

173 5344 218 5403 att.
234 5340 312 5412 Quod
330 5339 353 5396 si
373 5339 492 5397 animum
517 5337 636 5395 hominis
648 5336 777 5407 attendis,
792 5338 863 5396 inter
888 5338 938 5405 lao-
988 5352 1064 5407 quotu
1076 5334 1187 5410 prandes
1196 5336 1256 5392 illos
1265 5341 1498 5395 controuersiarum
1510 5338 1590 5397 lidron
1602 5357 1612 5397 .·
1624 5356 1679 5415 quo
1691 5343 1805 5418 quidem

134 5439 236 5497 minem
252 5438 293 5513 (nt
307 5450 402 5495 rursus
416 5431 656 5491 terbisCiceronis
677 5431 748 5506 utar)
770 5431 820 5505 (de
833 5430 937 5490 0lllciis
986 5428 1090 5500 judicio
1112 5429 1176 5485 dum
1203 5430 1369 5491 malevolum
1395 5433 1532 5493 adversus
1557 5433 1718 5495 Catlullcos
1741 5438 1804 5495 arri·

136 5532 227 5599 tiata,
240 5531 286 5603 ll)
302 5549 311 5583 t
329 5538 358 5587 et
370 5529 498 5596 belluam,
514 5526 567 5585 hoc
581 5526 699 5585 maxime
716 5526 849 5593 interest,
864 5524 935 5597 quod
989 5541 1062 5585 ntum
1077 5523 1190 5597 proiert,
1208 5540 1269 5583 eom
1289 5539 1392 5597 tamen,
1405 5526 1440 5585 de
1463 5543 1519 5601 tpuo
1534 5526 1656 5603 agimus,
1676 5526 1803 5589 libellum

137 5622 196 5678 lnce
210 5634 323 5689 tantum,
339 5631 468 5695 quantum
491 5636 572 5678 sensu
595 5629 731 5685 mouetur,
752 5616 826 5674 adid
847 5618 934 5676 solrrnr
990 5617 1105 5676 ntirillce
1126 5619 1309 5677 commendat.

1025 5740 1064 5814 tl)
1083 5740 1147 5812 Peg.
1174 5742 1227 5798 tot
1244 5744 1305 5814 (per
1321 5756 1445 5803 errorem
1469 5740 1534 5812 llll
1552 5741 1619 5805 tomi
1633 5756 1654 5799 tt
1666 5744 1800 5803 editionis

175 5747 213 5815 let
234 5747 262 5804 ln
276 5749 369 5819 Eclog.
386 5764 434 5805 seu
446 5746 541 5816 parall.
556 5744 608 5802 litt.
622 5743 654 5815 Λ,
670 5742 740 5800 titul.
756 5757 813 5808 utta,
826 5741 892 5799 edit.
912 5741 934 5796 le

989 5812 1019 5872 Ρ.
1036 5812 1059 5868 le
1076 5813 1169 5883 Quieta,

142 5819 235 5891 Quieta,
249 5826 315 5877 torn.
330 5832 360 5888 ιι,
374 5833 434 5892 pag.
450 5817 514 5875 510.
