3884 6136
178 199 234 259 583

776 193 901 255 SANCTl
919 193 1051 253 tttLAtttt
1069 194 1228 256 Ertscott

1781 202 1837 262 581

177 314 265 377 beatis
278 316 343 374 risis
355 315 443 373 locuta
458 321 510 382 est,
523 313 633 371 dicens:
655 312 695 367 Tu
710 328 786 377 uero,
801 313 845 383 qui
859 313 976 368 intentos
988 321 1017 380 Α
1028 328 1088 369 tum
1101 328 1140 380 os,
1155 311 1279 368 indoctus
1293 310 1400 382 piorum
1415 311 1454 384 (ι)
1469 310 1642 384 episcopatus
1662 314 1715 371 tuis
1729 315 1834 387 dortas,

177 411 261 466 onrrris
275 410 381 465 uralitirc
395 412 478 479 fuctus
490 423 515 461 cs
530 407 557 460 ia
576 403 717 473 llcbsoeos,
732 421 784 459 tron
799 403 905 477 effupies
922 423 978 460 nro·

176 518 241 558 nunt
255 499 314 555 Dei.
330 500 361 555 Si
372 499 440 553 enirn
452 495 524 551 nobis
539 496 577 570 (a)
586 496 649 552 sinis
659 507 764 569 psopter
778 496 978 568 increpationem

176 606 201 653 et
211 595 398 662 correptionem
412 589 540 645 llonrinns
555 589 684 646 tnodnnnr
699 593 781 645 iratus
796 597 847 656 est,
871 588 915 644 sed
931 589 978 644 ite·

176 704 234 743 runt
252 685 292 757 (bi
305 683 513 740 reconciliabitur
524 685 604 738 sesols
616 684 669 738 suis
685 682 710 754 (l
715 683 781 751 bid,
793 682 824 738 51
844 691 868 736 ιι
881 679 976 754 repa).

175 778 235 838 lion
249 787 293 836 est
306 777 377 834 istud
392 777 544 843 temeritas,
560 776 607 833 sed
621 776 705 843 duem
719 791 809 848 ueryue
823 775 977 832 inconside-

174 871 255 939 ratio,
268 869 317 928 sed
331 871 417 938 ratio;
432 868 620 940 aequaturus,
636 868 685 924 sed
700 868 807 924 tirlucia.

210 964 237 1020 ’1.
253 961 418 1020 Corrstmrtius
429 960 540 1029 Neroni,
549 960 640 1028 Decio,
652 970 718 1027 ete,
729 959 977 1031 consertum-Pro-

173 1058 262 1117 elauro
276 1058 344 1125 tihi,
369 1056 530 1122 Constanti,
556 1056 628 1127 quod
641 1053 742 1112 Neroni
758 1056 898 1112 locuturus
912 1056 977 1112 tuis-

173 1167 254 1219 sem,
279 1151 349 1222 quod
365 1166 399 1206 ex
421 1165 466 1206 me
480 1147 579 1207 Decius
592 1158 620 1204 et
631 1148 811 1204 Maximianus
830 1147 974 1204 audirent:

173 1247 273 1304 Contra
288 1246 375 1301 Deum
387 1258 500 1317 pugnas,
516 1253 612 1300 eontra
626 1243 775 1300 Ecclesiam
791 1243 882 1311 saris,
898 1258 976 1300 sanc-

173 1337 405 1409 tospersequeris,
419 1335 610 1408 praedicatores
622 1333 722 1392 Christi
735 1336 805 1403 odis,
816 1336 975 1407 religionem

172 1431 257 1498 tollis,
265 1440 396 1503 tyrannus
408 1427 443 1502 (ι)
452 1428 812 1500 nonjamhumanorumsed
821 1428 975 1485 diuinorum

172 1537 213 1581 es.
229 1523 292 1580 Haeo
305 1522 353 1579 tibi
376 1537 390 1576 a
405 1530 543 1592 meatque
568 1521 620 1576 iltis
639 1521 712 1577 socia
728 1530 808 1590 atoue
820 1522 974 1578 eommunia

1029 405 1116 462 honos
1130 403 1209 459 malis
1223 403 1358 460 dentatas.
1381 401 1545 462 Sacerdotes
1557 407 1687 463 custodiae
1702 409 1834 480 mandas,

1028 500 1163 555 exercitus
1187 508 1247 554 tuos
1272 497 1312 571 (t)
1332 497 1365 554 ad
1380 507 1511 557 terrorem
1536 500 1666 559 Ecclesiae
1690 503 1834 576 disponis,

1028 592 1148 665 synodos
1161 589 1309 659 cotrtsalris,
1324 602 1351 649 ct
1362 590 1575 650 occidentalium
1591 593 1672 651 srdem
1683 596 1717 652 ad
1734 598 1835 668 impie·

1029 692 1110 740 tarent
1127 684 1285 756 cotapellis,
1303 685 1446 741 corrclusos
1460 686 1528 741 urhe
1550 685 1756 760 (Ariminensi)
1781 706 1835 745 uua

1031 776 1113 834 mitris
1129 786 1225 859 testes,
1241 777 1313 834 tarrae
1327 776 1462 847 debilitas,
1472 779 1562 836 hieme
1576 781 1834 849 cortioladissimu·

1027 872 1128 929 latione
1141 872 1284 946 depravas.
1307 872 1461 929 orientales
1481 883 1572 930 autem
1586 874 1774 934 dissensiones
1789 892 1835 933 ar·

1029 965 1094 1023 tifex
1109 966 1214 1038 nutris,
1240 965 1278 1039 (p)
1295 965 1408 1022 blatrdos
1428 965 1523 1034 elicis,
1550 965 1672 1024 lautores
1696 968 1831 1041 instigas:

1028 1070 1151 1117 veterum
1166 1061 1247 1135 567
1269 1061 1455 1128 turbatores,
1486 1060 1613 1131 profanus
1638 1077 1772 1119 nouorum
1789 1080 1830 1121 es.

1027 1152 1125 1213 Omnia
1140 1156 1287 1212 sanissima
1305 1155 1365 1213 sine
1376 1154 1416 1229 tt)
1431 1153 1530 1211 hrridia
1557 1155 1738 1226 gloriosarum
1759 1173 1832 1214 aror-

1028 1248 1094 1304 tium
1110 1248 1226 1320 peragis.
1254 1247 1331 1304 Novo
1344 1248 1518 1320 inauditoque
1529 1248 1627 1320 ingenii
1643 1248 1781 1324 triumpho
1795 1252 1831 1310 de

1027 1340 1134 1398 diaholo
1149 1342 1245 1410 vitreis,
1261 1350 1290 1398 et
1302 1340 1360 1397 sino
1375 1341 1507 1414 rrrastysio
1519 1343 1701 1414 persequeris.

1063 1433 1091 1490 8.
1104 1432 1250 1505 dlortpsunr
1266 1431 1393 1502 lleliryuice
1407 1434 1575 1489 uerrerartdoe:
1587 1450 1675 1490 earum
1687 1435 1779 1493 uirtus.
1793 1467 1830 1479 —

1026 1524 1090 1583 Phrs
1104 1524 1257 1583 crudelitati
1272 1535 1381 1595 restra,
1395 1525 1488 1593 Nero,
1504 1525 1578 1593 licei,
1593 1526 1767 1598 Alexirniarre,
1783 1530 1830 1588 do-

170 1623 252 1673 sunt:
276 1623 304 1669 at
317 1629 382 1671 sero
396 1627 467 1669 nuno
480 1613 588 1683 propria
601 1623 647 1667 tua
660 1612 763 1682 accipe.
787 1611 973 1683 Clyrsistianum
1026 1616 1132 1674 hernus.
1147 1618 1288 1674 Diabolum
1303 1618 1374 1674 euim
1385 1634 1434 1690 pes
1445 1635 1496 1675 nos
1507 1619 1632 1676 vicimus.
1645 1620 1830 1680 Sanetrrsuhi-

172 1714 199 1763 te
211 1704 354 1773 mentiris,
378 1703 479 1761 Christi
505 1719 591 1760 nouus
614 1704 701 1760 hostis
714 1717 761 1759 est
784 1704 972 1761 antichristum
988 1712 1012 1775 Β
1026 1723 1077 1780 que
1087 1709 1230 1766 beatorum
1244 1710 1391 1782 Martyrum
1405 1711 1513 1781 sanguis
1528 1722 1657 1783 exceptus
1677 1724 1739 1782 est,
1754 1712 1787 1787 (i)
1802 1722 1830 1772 et

170 1801 317 1873 prasente,
331 1810 359 1857 et
373 1813 532 1855 areanorum
544 1797 671 1870 mysteria
682 1797 742 1867 ejus
752 1797 882 1868 operaris.
900 1795 971 1854 Con·
1026 1800 1178 1857 reiteranda
1192 1815 1253 1856 ossa
1267 1800 1386 1872 quotidie
1398 1803 1554 1860 testimonio
1567 1812 1650 1862 sunt:
1666 1805 1731 1863 duur
1747 1807 1773 1863 in
1788 1809 1828 1865 his

170 1895 214 1954 dis
227 1895 267 1970 (d)
281 1895 363 1964 Ades,
387 1901 482 1950 eontra
496 1892 576 1948 tidem
599 1891 701 1947 uirens.
728 1889 828 1947 lioctor
842 1888 970 1962 prolana·
1022 1892 1162 1951 demones
1176 1892 1218 1969 (j)
1236 1895 1369 1967 nrrrgiunt,
1381 1895 1445 1951 dum
1456 1897 1630 1968 egritudines
1641 1897 1827 1971 depelluntur,

206 2059 246 2135 (a)
260 2059 341 2118 Silvae
355 2056 466 2127 majoris
481 2073 533 2112 ms.
547 2095 555 2122 ,
570 2071 647 2110 artus.
662 2050 739 2109 Colh.
755 2095 762 2121 ,
783 2071 861 2110 nanc.
888 2054 973 2126 hlagis
1026 2056 1121 2114 leucia
1131 2059 1264 2124 excitatae,
1278 2071 1310 2114 ae
1324 2056 1423 2116 deinde
1436 2059 1672 2133 Constantinopoli
1686 2066 1808 2123 nutrito.

169 2127 972 2277 tatur2tettatd,tutta,titfttttttt‘dalttttr
1026 2150 1322 2278 utthuuth
1335 2153 1521 2292 trahunt,
1540 2152 1705 2296 butun
1718 2158 1828 2303 tutu

169 2275 289 2367 Mastia,
303 2271 528 2329 reconciliabitur:
552 2277 739 2325 corrseutrento
753 2282 859 2340 muco,
876 2270 971 2327 natah-
1023 2309 1086 2361 quo,
1097 2305 1150 2347 „m
1160 2295 1252 2364 rufat,
1261 2296 1437 2365 yppapanti,
1455 2300 1524 2352 sata'e
1538 2301 1719 2368 arnsteinensi
1733 2306 1825 2376 cupis,

168 2348 320 2424 λαγιιιτιι.
1024 2364 1163 2435 etquidem
1183 2368 1317 2419 trrarncrrtit
1337 2368 1472 2433 orrrnibus,·
1497 2370 1686 2440 interficiendos
1698 2388 1758 2429 nero
1774 2393 1825 2431 nort

208 2423 244 2493 (ι)
264 2420 320 2477 lloc
333 2425 391 2482 0⁸2·
405 2430 459 2473 ¹¹⁰n
471 2413 526 2481 iim
541 2412 735 2477 h⁰¹¹¹³¹¹³f⁰¹¹¹r
758 2410 805 2467 ⁵ed
819 2410 969 2468 (nimium
1022 2449 1077 2490 esse
1089 2437 1214 2504 statuisti,
1236 2448 1362 2508 tertianam
1377 2455 1446 2494 ntoss
1465 2443 1640 2497 tarrtuutnrodo
1653 2443 1740 2499 beritos
1754 2449 1824 2501 rnili-

168 2506 261 2575 rerum
277 2501 407 2563 tycattuus
420 2502 460 2572 es.
479 2484 541 2541 llaec
554 2502 569 2538 a
581 2499 624 2540 ure
638 2483 728 2567 dicta,
751 2482 798 2537 tihi
821 2492 902 2552 atryue
918 2485 971 2539 iltis
1021 2516 1058 2561 p„
1072 2505 1167 2562 cyma
1181 2511 1269 2580 sacrat,
1284 2519 1337 2563 erc.
1355 2509 1497 2580 Eleganter
1509 2510 1608 2568 deiude
1618 2514 1738 2570 llilasius
1751 2517 1825 2574 Cran-

168 2578 241 2620 soora
253 2571 281 2618 et
293 2575 446 2617 cotnmurua
461 2567 533 2614 sunt.
549 2555 626 2613 Unde
640 2557 682 2609 lrre
694 2568 748 2608 uon
759 2562 886 2610 notantur
895 2571 969 2624 tyrra-

168 2649 285 2704 eumtyue
299 2634 429 2689 hactenus
440 2630 514 2686 dieta
537 2637 599 2684 suut
622 2627 696 2697 (uara
711 2625 861 2681 Constantii
879 2626 966 2681 uroxi-

168 2720 214 2764 me
228 2714 291 2762 suut
312 2702 422 2776 propria
436 2716 497 2771 quae
521 2710 585 2756 ante
600 2699 672 2754 huuc
686 2711 828 2752 rrumeruur
844 2698 860 2751 'l
880 2698 971 2759 conti,

167 2778 291 2846 nentur),
307 2775 355 2833 sed
368 2789 429 2846 uuae
442 2770 559 2828 Hilarius
570 2769 670 2826 Neroni
683 2784 715 2825 ac
728 2768 810 2824 Decio
822 2782 852 2824 se
861 2769 968 2841 procla·

167 2857 303 2905 maturum
320 2845 402 2902 luisse
415 2845 538 2916 proxime
555 2842 714 2899 testificatus
727 2850 779 2895 est.

205 2919 245 2992 (d)
267 2918 338 2974 Editi
351 2959 359 2986 ,
373 2916 461 2971 cotidie
482 2914 569 2985 fidus.
586 2911 751 2968 concinnius
765 2925 817 2966 tus.
832 2910 892 2966 tar.
908 2910 966 2968 has.

167 3005 230 3049 eum
244 2991 347 3061 aliquot
362 2988 433 3052 aliis,
451 2986 540 3042 condis
553 2985 617 3053 fides
628 2998 741 3038 rnrnreso
754 2982 892 3052 phrres,et
905 2998 967 3053 per-

168 3062 232 3120 inde
258 3062 338 3118 tatsas
355 3079 361 3116 ι
378 3068 468 3115 contra
477 3057 555 3128 paen
569 3057 671 3122 uirens,
686 3069 745 3110 eant
760 3054 820 3108 scil.
841 3070 965 3124 qumana

167 3143 196 3192 et
209 3150 272 3191 tera
286 3143 349 3193 est,
372 3147 423 3187 nec
442 3132 533 3184 arrimo
558 3141 608 3184 nec
624 3125 744 3182 aturribus
757 3135 861 3180 terretrs.
885 3125 965 3182 troes

167 3207 228 3263 illas
238 3204 373 3275 intelligit,
390 3201 544 3270 lseouenres
558 3198 619 3254 tidei
633 3196 818 3267 expositiones
833 3195 966 3251 Constan-

168 3277 207 3333 tio
219 3286 353 3348 prasente
365 3315 373 3338 ,
386 3271 428 3326 nel
445 3272 552 3326 larome
565 3271 699 3340 scriptas;
723 3278 768 3321 aut
783 3267 865 3322 etiam
880 3268 964 3325 hhsos

168 3346 249 3414 illos,
272 3347 307 3402 de
320 3345 417 3417 qttihus
430 3341 538 3399 ercites
552 3339 586 3397 de
606 3356 659 3395 nort
680 3336 817 3411 pascendo
839 3339 865 3392 in
880 3341 963 3394 beorn

166 3417 402 3490 delinquentibus:
432 3414 562 3480 Quantam
574 3413 643 3466 enim
655 3411 727 3480 opud
739 3418 762 3464 te
772 3416 819 3474 est,
834 3410 965 3465 tradidisti

167 3506 225 3546 enm
238 3488 409 3562 (Christum),
420 3484 508 3555 denuo
518 3482 739 3554 etlibsosscriptos
748 3480 849 3545 dedisti,
863 3491 886 3536 et
899 3497 966 3552 prce-

167 3562 293 3618 rlicatores
304 3561 405 3632 beuipnt
419 3557 471 3613 noti
489 3555 598 3610 inomni
611 3555 666 3609 loco
681 3552 854 3608 constituisti:
872 3562 898 3607 et
913 3554 964 3609 suh

166 3631 273 3691 initium
285 3632 406 3702 ejusdem
423 3628 483 3685 libri
501 3645 507 3681 t
528 3624 682 3683 Couniucetrt
700 3633 723 3678 te
739 3623 817 3679 libelli
834 3624 963 3679 recitatio

167 3715 206 3769 te,
223 3722 253 3761 ac
264 3702 415 3760 dutilionrm
427 3698 641 3771 episcopisett'artr
652 3696 800 3758 catholicis,
814 3695 848 3749 ud
862 3696 909 3749 lroc
923 3697 962 3749 tri-

167 3777 271 3844 tlelicet,
287 3776 351 3831 utin
364 3773 433 3830 omni
447 3772 504 3826 loco
517 3780 561 3824 tuo
573 3768 689 3823 roborari
700 3777 783 3837 posset
792 3765 962 3837 blasphemio.

166 3846 318 3906 Undecum
345 3847 391 3902 hh.
416 3859 434 3899 u
460 3857 510 3912 pro
533 3839 681 3896 Athanasio
705 3854 766 3895 eunt
789 3839 963 3912 tepispcrt'tutn

166 3917 447 3985 attenuarentur.
464 3914 533 3968 Alos.
552 3927 599 3982 pro
613 3910 661 3966 liei
677 3909 750 3975 lrlio,
769 3922 832 3964 eum
843 3922 905 3965 sese
919 3925 964 3979 pe-

166 3991 244 4047 ritam
263 3989 388 4046 arbitrari
412 3996 439 4042 et
462 3986 615 4038 dictatorum
644 3982 807 4053 desipnotum
829 3995 964 4034 nnmerum

164 4061 267 4120 hahere
288 4069 435 4127 urernoret;
457 4073 510 4110 narr
536 4052 762 4125 negatsuhirrde,
787 4052 850 4120 quin
871 4066 964 4107 serino

165 4130 240 4189 illins
252 4135 287 4189 sit
300 4132 412 4204 politus,
432 4137 553 4189 ornatus,
568 4127 612 4197 qai
627 4125 703 4179 etiortr
717 4123 769 4177 nist
783 4131 910 4177 urerentur
924 4123 964 4176 di-

165 4213 249 4263 ustus
261 4221 291 4257 ac
303 4202 385 4256 dulcis
401 4218 445 4268 per
458 4208 538 4253 artent
549 4197 680 4268 quesitus.
708 4194 811 4262 erilrns
827 4193 965 4250 illustratr-

166 4280 210 4330 tur
222 4273 346 4344 prorrinra
358 4271 450 4327 llilarii
462 4270 557 4333 uerba,
567 4265 665 4321 Ductor
676 4267 846 4339 mosariorum
859 4281 895 4320 es.

203 4346 239 4418 (e)
253 4343 281 4399 ht
297 4344 422 4399 omnihus
434 4357 499 4396 rnss.
516 4341 678 4409 episcopatus
693 4349 760 4391 tuos.
781 4336 849 4391 Turn
862 4334 889 4391 iu
904 4336 963 4406 ple·

1020 2580 1159 2643 stantium,
1175 2578 1282 2650 ingenio
1295 2587 1322 2635 et
1335 2591 1392 2636 arte
1404 2580 1571 2639 Christianos
1587 2587 1728 2657 torquendi
1740 2628 1749 2656 ,
1763 2589 1823 2647 dia·

1019 2648 1082 2705 holo
1096 2652 1264 2720 superiorem
1279 2666 1340 2707 esse
1351 2654 1482 2708 enuntiat.

1058 2744 1089 2815 (i)
1104 2743 1209 2810 Verba,
1225 2754 1248 2799 et
1258 2745 1402 2800 ueneranda
1411 2748 1592 2817 ossonuotidie
1602 2751 1822 2825 tntinroniosnnt,

1019 2814 1046 2870 in
1059 2815 1297 2886 antiquohasilicau
1307 2813 1442 2873 Vaticana
1453 2819 1547 2876 codice
1559 2822 1593 2876 ah
1603 2821 1695 2893 aliquo
1710 2826 1823 2883 torsit-ra

1018 2885 1144 2942 Eunonrii
1165 2897 1212 2942 eut
1226 2886 1364 2958 vigilantii
1380 2889 1513 2960 discipulo
1528 2892 1642 2959 primunr
1656 2911 1823 2967 suppressa,

1019 2969 1113 3040 postea
1129 2957 1156 3012 itt
1179 2963 1283 3029 ectyprs
1309 2966 1337 3014 ot
1362 2961 1477 3031 tulganis
1502 2960 1624 3019 deluere.
1653 2964 1824 3025 Cortsessata

1018 3039 1081 3085 suut
1091 3046 1118 3085 rrr
1133 3045 1197 3085 rrrss.
1212 3029 1370 3086 Colherthro
1383 3041 1410 3085 et
1424 3030 1602 3099 hlastirriarto,
1629 3053 1745 3106 quornm
1771 3055 1824 3110 opo

1019 3111 1211 3167 restauratas,
1235 3101 1306 3168 ryuod
1330 3101 1462 3158 orationis
1489 3105 1637 3176 integritati
1663 3106 1822 3167 deficiebat.

1019 3172 1106 3227 Verba
1120 3174 1211 3228 enirn:
1228 3170 1297 3225 Drrtrr
1308 3176 1334 3227 in
1347 3173 1387 3228 lrt's
1403 3175 1532 3231 dcentorres
1546 3180 1676 3249 ntnpt'ttnt,
1691 3190 1746 3238 ele.
1763 3200 1824 3254 tyrsae

1017 3243 1051 3300 ad
1065 3245 1203 3314 superiora
1215 3261 1222 3296 ε
1235 3243 1383 3316 llosrprunr
1397 3248 1504 3315 satrpuis
1518 3259 1639 3320 exceptus
1650 3261 1701 3317 est,
1726 3256 1826 3313 relersi

1017 3317 1178 3386 trequihant,
1193 3314 1249 3383 y'am
1266 3316 1388 3387 apprime
1403 3317 1543 3374 cohaerent
1557 3335 1618 3376 cunr
1628 3321 1682 3392 his,
1696 3342 1827 3382 nenescrrr·

1016 3387 1051 3440 du
1065 3403 1123 3441 ossa
1144 3386 1288 3442 testimonio
1306 3397 1375 3442 sunt.
1401 3388 1464 3443 llaec
1478 3390 1577 3462 quippe
1591 3403 1734 3464 portenta,
1762 3415 1825 3455 errrrt

1016 3472 1110 3513 eornm
1127 3459 1171 3528 cyrri
1183 3457 1265 3513 occisi
1278 3468 1349 3523 sunt,
1372 3468 1426 3514 tutu
1438 3460 1497 3529 ojus
1512 3478 1562 3530 pso
1574 3479 1628 3534 qrro
1641 3467 1727 3523 occisi
1741 3480 1826 3538 sunt,

1019 3611 1120 3656 stratur
1145 3600 1190 3655 his
1204 3601 1251 3655 lib.
1268 3616 1298 3657 st
1320 3602 1354 3656 de
1370 3600 1487 3657 Trina.
1502 3603 1534 3658 5:
1563 3604 1639 3662 llnnc

1016 3529 1130 3600 gloriam
1146 3543 1178 3584 ae
1191 3530 1317 3584 virtuterrr
1337 3531 1466 3600 praelate
1485 3543 1628 3591 testantur.
1651 3537 1734 3682 {baad
1760 3543 1830 3598 illu·

1668 3610 1847 3688 Christum)

1016 3672 1199 3741 Apostolorum
1211 3680 1234 3726 et
1247 3669 1393 3744 llartprnnr
1405 3675 1546 3745 loquuntur
1557 3680 1679 3749 sepulcra
1693 3721 1700 3738 .
1712 3722 1721 3739 .
1733 3720 1743 3738 .
1757 3686 1846 3740 leuna

1016 3744 1164 3825 punitorum
1180 3743 1324 3799 doetrrotrartr
1340 3756 1461 3800 resonent
1472 3748 1596 3819 trasmittas.
1613 3751 1710 3808 llilarii
1733 3756 1845 3813 neritis

1017 3815 1132 3869 saltaret
1144 3814 1422 3897 ilieratryrrrnscontra
1434 3817 1574 3888 vigilant..
1586 3821 1631 3878 uhi
1642 3838 1738 3882 sacrm
1751 3828 1843 3899 Apo-

1016 3887 1147 3941 stolorum
1162 3886 1302 3955 liehquras
1326 3888 1444 3957 ayrpeltat
1455 3892 1595 3945 sectrtrdrnn
1613 3909 1661 3949 nos
1675 3901 1841 3956 emerenda

1017 3972 1085 4083 torsa
1107 3956 1350 4083 qupaslhltiyilantius
1365 3973 1427 4015 cnut
1440 3961 1573 4019 Eutroruio
1588 3963 1667 4021 rilem
1682 3970 1839 4040 puluiscu-

1028 4046 1070 4083 rrnr
1085 4044 1141 4084 socr
1182 4043 1205 4083 ra
1221 4067 1228 4081 .

1054 4119 1090 4205 (y‘)
1105 4121 1228 4192 Quinque
1245 4135 1311 4176 mss.
1327 4122 1442 4204 sapiant.
1469 4124 1592 4183 Potinres
1605 4143 1670 4185 eum
1687 4133 1823 4207 vulgatis,

1017 4203 1151 4264 trtnptrnu:
1175 4191 1311 4263 quomodo
1328 4193 1376 4249 hh.
1394 4210 1421 4249 ιι
1435 4195 1469 4252 de
1493 4197 1581 4258 Tria..
1597 4215 1624 4255 rr.
1642 4200 1677 4270 3,
1705 4205 1823 4276 legiruns

1017 4263 1162 4318 doenrottnnr
1184 4264 1316 4335 strepitus,
1338 4280 1391 4321 uon
1415 4269 1526 4338 rupitne.
1555 4269 1612 4327 tttis
1632 4282 1727 4330 tamen
1748 4279 1818 4336 tator

1018 4333 1198 4407 Hieronymus
1211 4336 1290 4406 epist.
1304 4351 1395 4403 xxrrr,
1419 4340 1453 4394 ad
1473 4340 1664 4411 Eustochium,
1680 4362 1706 4403 e.
1723 4348 1762 4417 o,
1778 4352 1817 4406 nbi

165 4415 269 4489 risque,
290 4414 400 4470 donans.
425 4413 460 4468 Et
484 4411 528 4466 hie
552 4407 659 4464 Luciler
681 4407 847 4472 audiendus,
863 4406 909 4462 lib.
926 4406 964 4463 De
1018 4407 1116 4461 similia
1128 4421 1242 4463 narrans
1256 4406 1312 4462 ait:
1335 4406 1460 4465 Cernebat
1472 4411 1670 4481 (Parrlaioariis
1690 4421 1817 4479 doetaones

165 4503 219 4545 nou
242 4487 378 4558 parcendo
399 4487 425 4539 irr
436 4483 521 4539 Deum
537 4479 637 4549 delinq.
655 4495 662 4531 :
675 4478 884 4549 Ttunspipurotus
899 4495 925 4532 et
938 4479 965 4533 in
977 4487 1006 4548 1)
1018 4478 1104 4550 rapite
1117 4479 1283 4545 cruciatibus,
1301 4488 1325 4533 et
1336 4490 1394 4535 unte
1406 4488 1432 4535 ιι
1452 4484 1525 4539 alors
1538 4484 1697 4544 Sanctorum
1717 4494 1817 4549 ululare

164 4559 187 4615 A
207 4562 300 4615 ostolos
314 4555 429 4623 Christi,
450 4556 493 4623 qai
505 4563 633 4623 tunmuarrt
652 4565 709 4604 utre
723 4549 757 4603 orl
769 4558 793 4604 te
806 4549 887 4603 nuruis
902 4565 964 4603 cusa

164 4629 288 4688 haustu
301 4630 437 4701 pertineat.
448 4628 485 4682 sic
495 4623 620 4680 sollicitus
634 4622 748 4676 uidelicet
759 4637 790 4675 ne
802 4621 858 4688 artis
872 4619 965 4674 alicubi

164 4703 306 4759 catholicus
318 4701 404 4772 presit
418 4697 543 4753 Ecclesiae
552 4696 686 4766 episeopus
698 4728 708 4750 .
721 4735 727 4748 .
740 4733 747 4748 .
775 4693 844 4747 tollis
866 4693 964 4763 episco-

163 4791 211 4847 pos
222 4773 372 4838 catholicos,
388 4771 493 4826 ordinas
503 4767 646 4824 hereticos.
663 4762 723 4832 Cui,
735 4765 822 4834 inquit
835 4761 882 4818 lilr.
895 4763 962 4818 Alos.

164 4861 213 4917 pro
226 4847 273 4903 liei
289 4845 354 4912 lilio,
369 4842 457 4898 crebro
470 4849 529 4898 sunt
542 4840 712 4892 acclamantes
733 4835 822 4890 Ariani
837 4834 963 4905 deputatis

163 4917 200 4973 trri
213 4918 345 4990 tmscopi,
368 4913 528 4982 Episcopum
546 4919 570 4964 te
584 4925 637 4964 esse
649 4909 839 4980 cpiscoporum.
853 4905 893 4961 lie
913 4905 963 4961 hae

162 4986 295 5046 bonorum
310 4987 497 5057 episcoporum
518 4984 545 5038 irr
564 4980 649 5035 mahts
667 4979 853 5034 demutatrorre
866 4976 961 5033 riden-

104 5067 107 5072 ’
162 5061 214 5116 dus
228 5074 335 5129 tyuoque
348 5057 513 5114 Athanasius
525 5053 558 5108 ad
574 5051 653 5105 Sistit.
668 5065 695 5121 p.
710 5049 774 5115 858,
787 5065 840 5120 uuo
855 5056 960 5118 spectat

162 5131 227 5189 illud
239 5130 362 5202 ejrtsdent
378 5143 438 5199 pay.
455 5126 524 5183 860:
541 5123 729 5193 erinqrroyitrtu
744 5122 843 5175 redirent
857 5120 959 5189 episco-

161 5219 209 5276 pos
222 5219 279 5259 cuns
288 5201 409 5256 satellitio
424 5197 528 5253 trrilitari
544 5200 578 5249 ιιι
591 5193 682 5248 innitor
695 5192 804 5265 poprrlos
823 5191 959 5257 submittis,

161 5285 216 5333 eto.
242 5275 324 5330 Forte
345 5271 427 5327 eriam
444 5269 559 5324 hilarius
580 5265 625 5321 hie
646 5264 774 5335 respiciat
793 5265 959 5319 immutatio·

161 5362 225 5405 uem
237 5360 262 5413 ey
272 5344 426 5416 iseoporum
440 5339 640 5406 constantinop.
656 5336 760 5409 synodo
770 5335 893 5407 proxime
903 5334 959 5391 late·

161 5428 227 5482 tarn,
242 5417 277 5473 de
290 5432 341 5486 nua
357 5412 437 5478 inira,
458 5428 532 5467 nunt.
549 5408 593 5465 15.

198 5492 226 5563 (l
253 5489 331 5544 Collr.
347 5500 398 5542 ms.
412 5485 447 5540 ud
460 5497 582 5539 emerem.
808 5551 814 5562 ‚

162 5548 960 5701 ateithituttttuttihltttttttdlttrhh

163 5702 247 5776 elicis,
263 5703 348 5777 suntor
359 5701 475 5774 instipns.
491 5699 540 5758 ihc
554 5704 699 5770 tanguntur
710 5694 895 5752 dissensiones
912 5691 958 5754 Se·

1018 4549 1132 4605 homines
1146 4551 1358 4630 uroreluposutu,
1371 4498 1473 4608 uocibus
1482 4555 1577 4611 latrare
1589 4573 1695 4629 ιιιιιιιι,
1709 4562 1816 4633 fremet

1017 4621 1118 4675 leonurrr
1132 4664 1139 4686 ,
1155 4637 1254 4692 tnupne
1265 4632 1416 4689 taurorum:
1435 4624 1502 4683 alios
1515 4638 1685 4703 romrecopttt
1698 4672 1708 4700 ,
1721 4645 1747 4688 et
1762 4647 1817 4704 post

1017 4701 1114 4763 torpunt
1124 4695 1312 4750 tnranrnestice
1325 4705 1430 4767 taupere
1440 4700 1621 4770 suspensisque
1632 4703 1698 4771 pede
1715 4707 1817 4777 [enutris

1016 4772 1095 4819 uestes
1115 4763 1196 4836 (adde
1209 4765 1271 4833 noni
1287 4766 1401 4836 delinere
1423 4768 1450 4822 in
1471 4771 1573 4841 (amun.
1599 4772 1667 4840 Ques
1680 4785 1815 4844 postrema

1015 4836 1097 4891 verba
1109 4836 1142 4891 ad
1157 4835 1251 4891 11111111
1267 4837 1444 4893 imitationem
1458 4856 1608 4912 expressa,
1638 4844 1742 4902 iudicio
1756 4860 1818 4906 naut

1016 4904 1089 4962 lrunc
1101 4908 1197 4963 lihrrrrn
1216 4906 1380 4979 Hieronymo
1397 4912 1516 4980 ignotum
1537 4928 1591 4969 nou
1613 4912 1711 4973 luisse.
1736 4920 1817 4977 Errar-

1012 4976 1074 5060 deut
1089 4993 1197 5050 quoque
1219 4979 1308 5035 loctrnr
1325 4980 1445 5036 imitatus
1460 4983 1614 5053 Sulpicius,
1629 4986 1694 5043 dura
1710 4989 1816 5048 Attaioi

1012 5065 1039 5103 m
1056 5050 1226 5119 expellendis
1246 5050 1733 5117 1111111111ιιιιιιιιιιιίιιηιιπιι
1749 5062 1815 5120 urst.

1011 5135 1041 5177 ιιι
1051 5138 1057 5173 :
1067 5121 1189 5177 Cesrreres
1199 5121 1306 5176 miseros
1319 5124 1420 5177 diuerso
1429 5125 1498 5179 emta
1508 5141 1586 5194 pertrr
1619 5130 1653 5196 ri,
1668 5131 1716 5188 lros
1729 5135 1816 5188 strblu·

1012 5193 1045 5247 tis
1054 5193 1082 5246 itt
1092 5193 1198 5247 sublime
1212 5192 1314 5262 pedibus
1325 5195 1399 5263 quasi
1415 5195 1446 5249 dc
1455 5196 1521 5252 nube
1532 5214 1564 5266 pe
1600 5215 1658 5267 ιιι,
1673 5218 1723 5259 ιιι
1732 5216 1816 5262 tamen

1012 5273 1092 5319 vestes
1103 5265 1217 5334 delinere
1226 5280 1302 5335 super
1327 5266 1418 5333 aciem,
1426 5283 1458 5322 ne
1469 5272 1567 5335 luceret
1579 5276 1761 5330 uerecundiam
1769 5295 1817 5333 nn·

1013 5334 1076 5390 dota
1089 5352 1149 5407 pars
1163 5351 1308 5404 corporata.
1333 5349 1356 5390 ta
1367 5347 1395 5393 et
1408 5338 1546 5407 Paulinus,
1562 5342 1589 5398 in
1604 5342 1667 5400 list.
1681 5346 1711 5413 t,
1721 5350 1752 5405 S.
1762 5348 1816 5404 Fe·

1014 5407 1083 5489 tieis,
1104 5407 1242 5489 hominem
1261 5406 1413 5465 adrurnone
1425 5412 1565 5469 obsessum
1585 5430 1767 5487 representat
1781 5420 1816 5479 ad

1014 5478 1105 5534 hmrna
1116 5479 1237 5549 eusdem
1251 5477 1341 5536 Sancti
1358 5497 1364 5535 :

1386 5578 1494 5645 Corpore
1509 5596 1593 5636 serso.

1060 5638 1184 5714 suspendi
1197 5640 1302 5704 pedihus
1312 5651 1465 5706 spectantem
1476 5652 1541 5698 reeta
1552 5650 1649 5723 supinis
1661 5666 1669 5702 t

1060 5701 1127 5768 (Cur)
1139 5702 1257 5756 Vestibus
1268 5705 1402 5770 strigilis,
1413 5706 1612 5779 submussitare
1623 5716 1695 5785 sutis,
