3884 6136
134 219 187 276 'tat
873 208 1058 270 auctuum.
1742 205 1796 263 :aa

136 338 203 395 tanti
225 337 313 394 Patris
325 344 418 394 contra
442 336 630 393 schismaticos
644 336 755 393 Graccus
782 333 934 391 doctrinam
987 332 1146 403 Hispalcnsc
1161 330 1304 386 concilium
1319 328 1353 392 tt,
1372 342 1434 383 cao.
1458 328 1502 395 ta,
1522 325 1593 399 apud
1613 325 1795 398 dquirriunt,

136 431 171 487 de
186 427 303 501 Spiritus
318 430 403 485 sancti
417 427 591 500 processione
605 441 638 483 ac
650 426 729 482 Patre
744 425 866 496 Filioque
877 434 936 480 tau·
988 435 1055 481 tunt.
1070 440 1110 490 ιιι,
1129 443 1154 495 p.
1169 422 1241 479 555:
1268 436 1339 477 irone
1359 435 1422 476 cece
1443 434 1476 476 er
1493 433 1527 475 eo
1548 417 1692 492 deperdito
1706 431 1795 489 opere

136 538 217 596 quarn
238 521 318 578 unico
330 522 478 594 principiul
492 520 552 576 lam
569 536 634 576 vcro
654 529 776 576 sanctum
802 518 934 575 Hilarium
988 515 1101 572 lrustum
1116 515 1287 586 splendidum
1312 513 1445 570 aGraecis
1468 520 1619 571 servatum.
1634 511 1687 584 (Er
1700 509 1793 584 Spiri-

136 614 346 673 commentarios
358 613 500 685 scripsisse
514 615 539 669 irt
552 612 773 684 PauliEpistolas
784 611 936 668 alllvmabat
988 610 1039 682 lep.
1053 610 1131 665 Rom.
1147 618 1213 666 tom.
1232 624 1268 675 vt,
1282 623 1309 678 p.
1324 607 1382 679 ts.)

140 760 1772 807 W

723 938 1202 1046 APPENDIX.

792 1142 1125 1161 ψ

419 1262 666 1349 JOANNIS
705 1261 1128 1351 CHRYSOSTOMI
1164 1254 1506 1343 TROMBELLI

142 1442 230 1563 tn
276 1443 831 1606 snoudunam
884 1435 1236 1569 mmmm
1280 1431 1795 1633 apts'rotatu

811 1646 1127 1723 PRAEFATIO.

868 1782 1059 1842 «0thth

398 1916 513 1977 CAPUT
532 1915 675 1975 Pltllllllll.
954 1913 1025 1975 'flea
1041 1908 1142 1974 versio,
1160 1922 1220 1979 quae
1231 1907 1258 1961 in
1269 1907 1382 1979 epistola
1395 1904 1445 1961 ltae
1465 1905 1606 1975 allegatur.
1630 1902 1713 1957 Praeit
1730 1917 1800 1973 ergo

138 2052 171 2108 lu
182 2069 294 2126 qvtonunt
311 2055 399 2110 codice
413 2065 531 2128 reperto,
547 2067 572 2112 et
592 2057 696 2111 cuinam
714 2055 817 2131 (nostro
837 2056 939 2124 poidcm

173 2147 309 2220 sementia)
327 2148 462 2202 tribuenda
474 2150 508 2202 ait
520 2164 563 2217 eo,
579 2165 656 2220 quart
677 2165 745 2203 num
767 2148 937 2220 sculpamus,

175 2238 293 2309 epistola.

168 2374 939 2449 l.Sicxdiligentia,quaminperlustrandisbibliothecae

138 2475 238 2524 nostrae
251 2467 392 2524 codicibus
407 2468 528 2537 adhibui,
544 2469 662 2526 fructum
677 2488 730 2525 nou
742 2471 829 2526 lencm
845 2471 938 2535 retuli,

135 2575 219 2630 quurn
237 2561 405 2631 superiorem
430 2561 550 2618 libellam
566 2563 668 2633 reperi,
685 2562 771 2617 multo
785 2563 938 2619 uberiorem

135 2669 203 2711 sane
216 2671 276 2709 sum
290 2664 441 2720 assecutus,
458 2656 521 2710 dum
540 2656 658 2712 nobilem
679 2657 834 2726 epistolam,
857 2671 938 2726 quam

138 2745 197 2811 tibi,
207 2745 402 2803 humanissime
411 2747 518 2814 Lector,
533 2747 660 2816 exhibeo,
674 2748 882 2804 inmembraneo
892 2762 940 2803 co-

136 2836 197 2894 diee
214 2838 370 2912 Hieronymi
389 2841 537 2913 epistolas,
553 2848 582 2896 et
596 2841 724 2911 opuscula
740 2841 939 2912 complectente

137 2928 229 2986 inveni
245 2932 295 3002 (a).
311 2929 398 2987 Nolim
422 2944 510 2987 tamen
537 2932 611 2987 illam
634 2933 801 3005 Hieronymo
820 2932 936 2998 tribuas;

137 3021 226 3096 stylus
249 3023 321 3080 enim
343 3039 402 3079 earn
420 3024 586 3097 Hieronymo
604 3024 756 3095 abjudicat,
773 3033 855 3097 atque
871 3024 939 3081 adeo

138 3115 292 3182 Ambrosio,
307 3127 334 3172 et
342 3116 504 3185 Augustino,
514 3131 582 3188 quos
597 3130 695 3186 nempe
709 3115 789 3187 longe
803 3115 937 3171 diversam

137 3209 273 3266 scribendi
288 3211 422 3268 rationem
436 3211 520 3269 luisse
534 3220 716 3280 consecratos,
734 3209 879 3267 manilcsta
894 3224 951 3287 res,

991 1999 1122 2057 saculum
1133 2001 1291 2071 septimum,
1304 2016 1358 2071 quo
1370 1998 1474 2055 scilicet
1487 2007 1611 2069 tempore
1622 1999 1648 2053 itt
1662 1996 1800 2053 Ecclesiis

990 2094 1212 2152 Occidentalibus
1235 2075 1293 2151 lere
1314 2094 1441 2149 omnibus
1463 2092 1578 2164 Vulgata
1605 2093 1733 2148 invaluit.
1761 2093 1799 2149 Αι

990 2191 1078 2263 quarti
1094 2190 1187 2246 sacculi
1209 2188 1372 2260 scriptorem
1396 2189 1463 2244 satis
1483 2187 1587 2243 indicat
1610 2201 1719 2244 summa
1733 2185 1798 2241 dili·

990 2282 1093 2352 gentia,
1107 2291 1136 2337 et
1150 2280 1260 2335 enixum
1277 2279 1414 2346 studium,
1430 2294 1484 2350 quo
1507 2277 1588 2335 Verbi
1614 2277 1702 2332 divini
1727 2292 1796 2332 cott-

991 2376 1247 2434 subslantialitatem
1263 2383 1344 2448 atque
1366 2373 1548 2431 aeternitatem
1560 2370 1796 2436 staltilirestudet,

991 2479 1019 2526 et
1030 2469 1177 2534 inculcare,
1195 2468 1312 2537 ideoque
1325 2468 1454 2534 arianus,
1471 2476 1498 2522 ct
1508 2464 1697 2522 semiarianos
1710 2463 1796 2520 retel-

991 2564 1048 2620 lere
1063 2583 1071 2618 :
1087 2563 1209 2634 praeterit
1225 2577 1289 2619 vero
1299 2562 1417 2618 hareses
1434 2562 1563 2630 deinceps
1577 2571 1699 2624 exortas.
1713 2567 1798 2631 atque

990 2657 1059 2713 adeo
1078 2656 1298 2714 Hacedouiauam
1315 2657 1400 2726 ipsam
1423 2654 1654 2712 semiarianorum
1671 2664 1797 2724 tempore

990 2751 1144 2816 ccleltrem;
1161 2750 1217 2806 imo
1242 2750 1276 2806 de
1303 2749 1407 2820 Spiritu
1431 2750 1531 2805 Sancto
1554 2749 1669 2827 laquens
1695 2747 1728 2801 iis
1742 2742 1798 2801 uti·

992 2854 1037 2900 tur
1049 2844 1243 2909 locutionibus,
1256 2859 1317 2914 quan
1333 2853 1477 2913 postquam
1495 2841 1608 2896 haeresis
1618 2855 1650 2896 ea
1666 2840 1795 2910 riguit,a

991 2938 1049 2993 riro
1063 2936 1216 3002 Catltolieo,
1234 2937 1324 3007 qualis
1340 2934 1434 3006 procul
1448 2934 1531 2991 dnbio
1545 2943 1588 2989 est
1598 2933 1717 3004 scriptor
1730 2946 1797 2987 nos·

991 3038 1043 3093 ter,
1062 3028 1185 3084 adbiberi
1200 3043 1253 3083 nou
1278 3028 1440 3099 potuissent.
1455 3025 1561 3096 Scripta
1575 3026 1668 3094 itatyue
1680 3033 1722 3080 est
1735 3023 1796 3095 epi-

991 3120 1059 3177 stola
1084 3121 1152 3180 itaec.
1179 3129 1324 3191 antequam
1347 3119 1522 3175 Hacedottius
1542 3131 1641 3173 novam
1666 3115 1793 3173 haeresint

991 3212 1130 3267 conderet.
1142 3212 1215 3267 lnter
1229 3227 1277 3267 eos
1289 3227 1382 3282 porro,
1397 3226 1466 3283 quos
1479 3226 1526 3282 per
1541 3225 1573 3267 ea
1587 3219 1711 3282 tempora
1734 3210 1794 3280 epi·

137 3312 189 3361 est.
204 3302 434 3374 Latineprimitus
447 3304 588 3374 scriptam,
602 3318 655 3359 nott
667 3317 701 3359 ex
716 3318 806 3374 gracco
821 3319 939 3359 conver·
953 3320 975 3384 ρ
991 3303 1074 3359 stolas
1088 3305 1231 3374 scripsisse
1243 3304 1376 3368 norimus,
1391 3314 1419 3359 et
1429 3302 1509 3358 lcrbi
1521 3301 1693 3358 divinitatem
1713 3310 1793 3372 atque

138 3410 196 3452 saut
212 3396 355 3467 epistolam
371 3395 454 3461 hanc,
467 3395 587 3452 ostendit
603 3397 705 3453 locutio
720 3395 778 3466 ipsa
793 3395 859 3451 nibil
875 3412 941 3462 urac-
991 3400 1170 3452 aeternitatem
1187 3397 1353 3463 vindicasse,
1366 3398 1488 3453 eminent
1510 3395 1630 3452 Hilarius
1640 3395 1794 3453 Pictavior-

137 3490 228 3546 citatis
238 3489 341 3546 liabens
357 3508 363 3543 :
380 3491 491 3546 tatinum
505 3504 613 3561 qunque
627 3488 789 3561 scriptorem
802 3489 888 3544 innuit
907 3503 939 3544 ea
991 3488 1030 3544 sis
1040 3488 1090 3562 (b),
1107 3497 1135 3545 et
1146 3489 1281 3546 Eusebius
1298 3489 1478 3546 vercellensis
1489 3489 1538 3562 (c).
1557 3491 1593 3546 dt
1606 3490 1630 3545 si
1657 3489 1721 3559 quis
1734 3487 1792 3559 epi·

139 3582 286 3654 scriptum
298 3585 398 3651 versio,
415 3599 495 3653 quam
503 3583 630 3669 ¹peqttitur
645 3599 651 3635 :
668 3582 769 3653 quippe
781 3591 828 3636 aut
842 3580 939 3637 ltulr'ra
991 3582 1088 3638 stolam
1103 3581 1173 3637 ltanc
1191 3589 1252 3636 cunt
1268 3582 1303 3636 iis
1318 3582 1519 3654 comparaverit
1535 3579 1644 3636 Eusebii
1658 3580 1791 3651 epistolis,

137 3679 195 3752 ipsa
209 3688 276 3736 esta
291 3678 428 3734 veteribus
444 3693 517 3749 sape
530 3675 648 3740 laudata,
661 3684 706 3730 aut
721 3676 773 3730 alia
785 3674 887 3729 ltalicrc
899 3675 940 3729 al·
991 3688 1059 3743 quas
1072 3673 1206 3730 Baronius
1220 3672 1369 3744 evulgavit,
1388 3672 1533 3729 ruanilesto
1550 3671 1670 3742 ridebit,
1685 3688 1747 3729 eam
1758 3671 1793 3727 ab

137 3774 211 3839 llnis,
228 3775 286 3846 ipsa
299 3788 408 3844 quoque
428 3788 443 3827 a
457 3771 597 3828 veteribus
618 3770 707 3827 latinis
722 3769 849 3825 Patribus
865 3785 939 3841 stcpe

136 3867 270 3923 adhibita.
285 3870 320 3923 bt
334 3882 396 3922 cunt
415 3875 514 3935 prater
524 3863 731 3936 Hieronymum,
750 3862 938 3929 Ambrosium,

136 3970 165 4016 et
177 3960 357 4031 augustinum
370 3959 450 4030 (quos
461 3957 571 4027 attidem
586 3955 697 4026 ltny'uscc
708 3957 829 4027 epistola·
844 3963 937 4009 anmo-

136 4067 181 4108 rcs
198 4050 276 4107 lateri
288 4059 371 4117 relat,
384 4050 422 4104 uti
435 4048 565 4113 diximus,
577 4047 688 4118 scriptio
701 4048 783 4118 ipsa),
794 4047 938 4102 inultilue·

137 4145 192 4201 rim
205 4145 280 4200 latini
293 4144 399 4210 Patres,
415 4142 461 4212 qui
477 4143 582 4197 litteras
597 4140 777 4210 scripserint,
796 4141 937 4211 irnyuiren·

137 4235 200 4293 dum
214 4247 256 4292 est
269 4236 363 4303 nobis,
378 4235 421 4290 eui
435 4234 579 4304 epistolam
597 4233 667 4288 banc
683 4233 845 4289 tribuamus.

171 4411 495 4485 scitopolitanus
522 4411 670 4466 Bibliorum
692 4411 882 4483 interpretatio
904 4415 938 4470 ab

136 4507 269 4567 Ecclesiis
284 4506 461 4576 reciperetur,
476 4517 536 4558 eam
552 4500 636 4557 luisse
649 4504 848 4573 compositam,
863 4520 937 4560 cotn-

134 4602 321 4675 pertissimum
336 4605 402 4670 putu
418 4612 426 4652 t
441 4593 533 4652 differt
544 4595 617 4650 enim
633 4594 779 4664 plurimum
795 4595 936 4669 avulgata

135 4861 181 4916 at.
221 4872 272 4912 nnc
287 4869 351 4909 vero
363 4860 406 4908 est
418 4850 445 4905 itt
456 4851 549 4921 pluteo
561 4850 629 4904 trad
645 4851 737 4904 laevant
752 4850 777 4902 in
794 4860 869 4916 parte
885 4864 929 4903 su·

136 4932 243 5005 periore
252 4926 347 4997 plutei.
360 4923 529 4985 lrtcipitrero
539 4921 647 5002 alibro,
659 4935 738 4992 quem
752 4920 933 4991 Hieronymus

136 5003 256 5058 adverus
277 4995 446 5050 Jooirtluaurn
468 4994 585 5062 scripsit.
602 4992 694 5057 llanc,
714 5005 793 5062 quam
809 4991 931 5060 adunus,

136 5072 277 5146 epistolam
292 5067 386 5132 babes,
403 5080 463 5135 pag.
478 5064 540 5119 ll8.

171 5158 364 5233 lllNottnttllas
372 5157 501 5226 epistolas
512 5154 744 5210 lttisseabllllarin
753 5157 932 5223 conscriptas,

133 5237 214 5293 dorct
225 5233 413 5301 Hieronymus,
424 5229 470 5282 lib.
480 5226 512 5281 de
525 5225 595 5281 l'irir
603 5226 822 5297 illustribuscap.
836 5229 879 5294 lll,
890 5227 933 5282 ltis

135 5307 235 5370 vcrbis,
250 5298 424 5356 nortrtulloeod
435 5298 548 5352 diuersos
562 5297 694 5367 epistolar:
715 5297 807 5352 Hilarii
819 5299 891 5354 euim
906 5308 934 5353 ct

135 5379 246 5436 Ettsubii
263 5371 441 5428 vercellensis
459 5368 592 5439 Epistulas
616 5369 649 5423 dc
670 5368 847 5437 scriptoribus
871 5369 933 5424 illo-

135 5466 195 5506 rttm
212 5459 361 5517 tcrttpormn
383 5442 543 5503 disserens,
573 5441 760 5496 tantummodo
779 5450 931 5496 memorat:

135 5522 318 5587 scdcxpresse
329 5514 353 5570 id
361 5514 440 5567 docet
449 5512 583 5582 Sulpicius
594 5510 722 5576 Severus,
732 5512 801 5567 libro
813 5527 831 5567 tt
839 5512 932 5580 ltist0.,

135 5605 195 5659 cap.
208 5588 241 5644 dt
257 5607 263 5642 ε
282 5587 378 5641 Hosius
389 5582 496 5656 (inquit)
512 5583 655 5638 rctrtenurio
666 5587 749 5657 rrtoy'or
760 5583 798 5656 (m
811 5584 841 5639 S.
853 5581 932 5638 tltta-

135 5663 190 5725 rina
202 5659 353 5732 irt.epistplis
369 5660 417 5727 rest
424 5664 457 5725 rt)
471 5653 598 5709 deliretit.

170 5730 208 5801 (r)
221 5719 287 5786 Vide
296 5726 356 5800 qum
367 5723 446 5784 docet
458 5722 590 5783 Batonius
600 5723 634 5782 ad
646 5723 931 5793 antiumdttmtitbo,

992 3766 1102 3823 Hnsebii
1116 3768 1188 3838 stylo
1209 3766 1306 3823 abesse
1320 3766 1484 3834 plurimum,
1502 3766 1633 3822 accedere
1655 3776 1748 3822 autem
1759 3764 1793 3822 ad

992 3874 1051 3915 cam
1064 3859 1194 3931 loquendi
1207 3861 1360 3929 rationem,
1377 3876 1457 3930 quant
1471 3859 1590 3915 Hilarius
1607 3858 1724 3916 inlibris
1738 3858 1792 3915 suis

991 3962 1163 4009 consectatus
1176 3963 1219 4009 est
1235 3972 1241 4008 :
1257 3963 1338 4024 atque
1350 3954 1420 4010 adeo
1433 3954 1459 4009 in
1470 3969 1503 4009 co
1517 3954 1705 4012 tantummodo
1713 3954 1748 4011 ab
1761 3953 1793 4010 iis

991 4044 1113 4111 differre,
1127 4046 1198 4117 tyuod
1215 4045 1232 4101 ii
1246 4055 1340 4117 utpote
1350 4047 1472 4102 oratorio
1482 4048 1553 4120 stylo
1566 4049 1724 4118 compositi,
1735 4047 1792 4103 ela-

992 4139 1075 4193 tiores
1087 4139 1153 4205 sint,
1172 4155 1203 4195 ac
1217 4140 1407 4205 sublimiores;
1423 4141 1535 4211 epistola
1549 4156 1616 4199 vero
1632 4144 1690 4198 baec
1705 4142 1792 4198 burni-

991 4228 1021 4297 li,
1039 4231 1143 4285 tametsi
1156 4239 1264 4298 oritate,
1275 4245 1307 4286 ac
1321 4233 1435 4287 multum
1446 4233 1555 4289 exculto
1565 4235 1721 4305 conscripta
1733 4235 1768 4289 sit
1783 4251 1789 4287 :

990 4321 1062 4393 quod
1076 4323 1173 4380 mirum
1191 4339 1244 4379 non
1260 4332 1318 4390 cst;
1334 4323 1415 4395 bajus
1429 4324 1500 4381 modi
1516 4325 1588 4381 euim
1604 4324 1734 4397 loquendi
1745 4341 1792 4398 gc·

991 4430 1041 4468 ons
1055 4415 1177 4485 epistolae
1190 4416 1230 4472 illi
1243 4420 1381 4490 congruit,
1403 4435 1463 4490 qtrae
1479 4420 1505 4475 in
1521 4419 1714 4477 Ecclesiastico
1726 4437 1791 4478 cort·

990 4515 1070 4561 ventu
1085 4507 1118 4562 ad
1135 4508 1312 4577 plurimorum
1326 4510 1509 4567 eruditionem
1526 4511 1637 4586 legenda
1653 4513 1724 4570 leret
1736 4514 1789 4585 (d).

989 4599 1082 4674 Neque
1095 4619 1160 4660 sane
1171 4616 1282 4662 auctore
1296 4607 1341 4662 illu
1352 4607 1462 4681 indigna
1474 4619 1526 4677 cst,
1540 4610 1574 4666 de
1587 4626 1642 4683 quo
1655 4610 1715 4668 lnee
1725 4611 1789 4669 Hic-

173 4786 217 4913 (og⁴
227 4783 321 4841 Codex
336 4783 386 4837 iste
401 4780 428 4835 in
444 4787 550 4833 vctttsto
563 4777 714 4832 inventario
728 4785 769 4831 cst
784 4777 888 4844 positus
902 4793 930 4832 n.
946 4787 973 4847 1)
986 4796 1013 4835 tt.
1030 4781 1101 4838 diet
1112 4796 1237 4854 sequent.
1253 4795 1281 4843 et
1296 4786 1480 4855 praelationem
1496 4787 1529 4844 ad
1540 4788 1690 4848 editionem
1701 4788 1790 4848 vm.

986 4868 1048 4908 trctt.
1063 4854 1155 4909 Hilarii
1169 4871 1227 4927 pay.
1239 4858 1267 4924 8,
1280 4874 1307 4912 n.
1322 4857 1367 4915 at.

1020 4947 1061 5018 ld)
1077 4948 1182 5006 Humile
1205 4951 1339 5007 scribendi
1352 4967 1439 5023 gertus
1463 4954 1598 5010 interdum
1625 4956 1652 5011 in
1665 4958 1791 5030 epistulis

985 5021 1042 5074 sois
1064 5029 1236 5087 persecutum
1260 5024 1342 5078 luisse
1367 5025 1513 5091 Hilarium,
1537 5028 1619 5082 tradit
1638 5028 1682 5084 bis
1698 5031 1790 5087 verbis

986 5090 1129 5157 Batronius,
1141 5093 1175 5148 de
1189 5095 1302 5160 epistola
1316 5094 1409 5150 Hilarii
1425 5097 1457 5151 nd
1470 5096 1550 5152 ltliam
1567 5096 1724 5170 loqucttsad
1739 5118 1785 5157 an.

986 5162 1048 5228 555,
1065 5180 1091 5215 n.
1107 5164 1156 5217 il:
1177 5162 1270 5220 Videor
1287 5167 1314 5220 iu
1325 5183 1355 5219 eu
1366 5167 1450 5221 uirum
1461 5169 1661 5237 tttnctissimtttn,
1680 5174 1791 5241 puriter·

987 5250 1035 5303 que
1044 5233 1288 5303 eloquentissimum,
1301 5237 1396 5308 ttylrtnt
1407 5255 1482 5293 suam
1493 5251 1586 5296 nmmo
1600 5242 1736 5299 subliment
1747 5247 1788 5301 itt·

986 5306 1084 5359 clinare
1099 5306 1201 5374 puellae,
1218 5309 1287 5362 etde
1302 5309 1428 5363 industrio
1442 5313 1563 5365 numilem
1578 5313 1789 5387 redderentque

985 5375 1020 5429 ud
1030 5379 1234 5444 persttudertdutn
1246 5380 1361 5452 fusilem,
1375 5382 1586 5451 simplicibusque
1604 5381 1720 5454 Vtrptnta
1736 5405 1787 5443 utt-

985 5448 1056 5501 ribtts
1077 5451 1281 5506 occorrtmodnrc.
1299 5451 1361 5507 lllas
1377 5469 1441 5509 vcro
1456 5455 1587 5524 epistolas
1601 5470 1663 5525 qum
1675 5457 1710 5512 ad
1724 5476 1787 5515 rum

986 5517 1066 5572 linem
1081 5519 1287 5584 scribebantur,
1305 5535 1333 5576 nt
1355 5524 1379 5576 in
1396 5525 1588 5581 ecclesiasticis
1603 5530 1788 5586 coniventibus

986 5589 1090 5656 pultliee
1104 5592 1266 5660 legerentur,
1282 5603 1393 5648 ornatas
1408 5597 1500 5663 luisse,
1516 5608 1598 5666 atquc
1611 5602 1748 5664 excubas.
1765 5603 1789 5656 is

985 5659 1064 5742 lot-lle
1076 5662 1210 5734 latclritttr,
1225 5664 1270 5734 t'ytti
1284 5669 1316 5717 ad
1337 5668 1489 5734 lttty'ustnodi
1508 5670 1612 5725 litteras
1627 5670 1675 5744 (de
1686 5673 1788 5745 quibat

985 5731 1075 5803 nquutt
1089 5750 1150 5791 tttutt
1164 5733 1297 5807 dlcantas)
1311 5737 1431 5796 attititu'ut
1440 5736 1576 5799 advertat.
