3884 6136
104 213 160 271 9⁰5
693 217 830 277 utentur
847 215 954 276 t'ssnt
974 214 1171 273 PttAEeastO.
1708 231 1760 288 906

104 336 244 400 superant,
261 328 323 385 licet
335 328 463 401 pleraque
477 334 578 400 otttnia,
594 334 616 388 si
632 334 733 390 hiberii
756 334 785 389 P.
808 335 840 389 it.
854 336 911 402 cpi·
924 335 951 394 A
962 329 1128 396 ciirlsllfflffl,
1145 330 1229 402 inquil
1243 329 1407 387 Atltauasins
1421 334 1473 408 (ep.
1488 341 1522 390 ati
1543 337 1621 393 Solit.
1637 359 1664 409 p.
1681 343 1758 413 861).

104 423 203 477 stolam
218 420 252 477 ad
266 422 454 478 Cottstantium
464 440 536 479 anno
551 425 650 482 Salutis
662 427 724 493 551,
740 442 789 496 per
799 427 905 482 Lttciie-
957 420 992 492 (is
1006 422 1040 477 ab
1054 424 1218 490 imperatore
1235 425 1297 478 licet
1319 425 1408 480 latinae
1430 426 1527 498 linguae
1541 432 1649 500 penitus
1661 449 1759 505 expers

104 531 164 570 rum
184 512 367 570 calaritanum
387 516 555 588 episcopum,
578 518 750 574 Pancratittm
765 520 906 594 presbyte-
956 516 1239 576 essenmitnarimaan
1251 518 1275 571 iu
1289 516 1759 597 Alediolanensemsedem,relegato

104 621 164 661 rum
176 606 213 679 (si
227 606 335 677 quidem
358 621 484 679 corrupte
506 608 576 680 apud
597 609 774 666 Athanasium
798 615 824 666 in
845 614 904 682 epi·

106 699 175 754 stula
189 699 386 757 adsolitariam
397 701 480 756 vitam
496 711 607 772 agentes
623 701 768 775 Eutropius
779 703 904 759 nentina·

108 801 151 847 tur
173 793 244 865 (paq.
259 792 366 865 836),)
394 804 422 849 et
444 794 574 850 llilarium
598 795 742 852 diaconum
768 797 905 856 Romanos

106 889 215 943 missam
232 887 361 956 excipias,
376 888 409 943 ad
430 888 627 946 Ariminensem
651 892 803 961 pertineant
824 907 905 964 syno-

104 978 179 1044 dum,
201 979 356 1049 perturbata
377 978 463 1034 nihilo
484 979 573 1034 ntiuus
589 979 659 1035 inter
676 996 715 1044 se,
731 996 781 1037 nec
792 982 847 1037 ullo
861 980 904 1036 di·

104 1083 179 1142 gcsta
192 1071 287 1126 ordine
302 1071 445 1126 exsistunt.
470 1072 507 1126 Oc
522 1069 621 1127 hiberii
637 1072 750 1140 epistola
768 1073 811 1142 qui
829 1073 903 1141 plura

106 1164 260 1230 desiderat,
291 1179 437 1234 numquam
464 1162 530 1217 satis
555 1163 677 1219 laudatos
703 1164 764 1218 illos
786 1166 905 1220 Annales

107 1255 215 1326 (Boron.
232 1271 276 1310 att.
290 1254 353 1319 aab,
369 1273 396 1308 n.
414 1255 440 1326 1)
455 1254 592 1320 consutae
610 1256 644 1310 ibi
660 1255 730 1309 enirn
743 1256 813 1310 unde
827 1272 903 1311 suaut

105 1348 178 1403 siritu
198 1348 347 1417 extinguat,
366 1347 501 1403 uberrime
515 1346 642 1402 inveniet.
659 1345 761 1403 (intera
778 1347 833 1403 lere
846 1364 906 1404 otn-

105 1439 149 1495 nia
163 1455 233 1494 nunc
249 1438 364 1510 primum
386 1440 412 1493 in
427 1442 514 1495 lucem
534 1440 660 1496 eduntur.
677 1438 800 1508 Quonam
815 1451 904 1496 autern

105 1531 272 1602 disponenda
291 1531 347 1587 sint
361 1530 467 1598 ordine,
484 1532 523 1587 rei
537 1540 621 1604 gestae
635 1532 788 1590 narratione
803 1523 905 1605 perspi-

106 1637 185 1678 cntnn
200 1626 254 1679 liet.

957 614 1067 675 propter
1086 610 1212 677 pietatem
1231 610 1369 682 Dionysio,
1385 612 1504 669 intrusus
1517 614 1626 688 luerat),
1641 618 1717 685 Caio,
1733 631 1761 678 et

956 697 1017 752 aliis
1029 714 1098 769 quos
1110 701 1162 755 sibi
1178 701 1299 757 latentes
1312 703 1338 757 in
1362 719 1393 758 ea
1406 707 1511 776 syuodo
1526 709 1662 777 reperiere
1674 728 1680 776 ;
1698 728 1760 783 pos·

957 787 1053 854 tulattt,
1077 792 1149 861 quod
1168 808 1249 863 snpra
1265 808 1299 848 ex
1313 792 1463 850 Athanasio
1485 797 1542 867 (lib.
1558 800 1590 855 de
1608 801 1708 872 synod.
1731 822 1758 875 p.

956 879 1020 952 871)
1035 880 1164 949 ditintus,
1180 892 1208 937 ut
1222 883 1286 939 hnic
1301 900 1357 939 snae
1371 886 1492 943 lortnulae
1509 890 1612 961 absque
1627 894 1680 948 ulla
1695 909 1759 950 cau·

956 986 994 1025 sas
1009 974 1163 1051 cognitione
1175 986 1203 1030 et
1219 983 1322 1030 tarnum
1336 993 1387 1032 nott
1401 980 1480 1035 caecis
1494 982 1579 1036 oculis
1590 1000 1684 1040 omnes
1697 989 1760 1043 snb-

956 1065 1087 1120 scribant.
1106 1067 1203 1123 Vertttn
1219 1085 1272 1123 nott
1285 1070 1371 1124 solutu
1387 1083 1497 1140 prepter
1511 1071 1643 1130 Consules
1661 1082 1759 1148 regulae

956 1157 1093 1225 appositos
1105 1156 1199 1226 derisi,
1214 1160 1262 1216 sed
1278 1160 1358 1215 etiarn
1371 1172 1481 1230 propter
1492 1165 1656 1231 nimietatem
1672 1169 1756 1225 laten·

956 1257 1066 1321 temque
1078 1252 1170 1319 sapido
1180 1254 1225 1306 sub
1236 1261 1336 1321 pectore
1346 1256 1457 1322 vulpem,
1472 1256 1590 1311 haeretici
1600 1261 1757 1326 rettuntiati,

955 1355 987 1396 es·
1003 1342 1060 1410 ipsa
1072 1342 1179 1413 synodo
1199 1343 1306 1413 expulsi
1320 1354 1393 1399 sunt.
1409 1344 1480 1415 Ergo
1500 1362 1535 1401 sn
1552 1348 1604 1401 cal.
1633 1348 1757 1421 Augusti,

958 1449 1017 1503 quac
1046 1435 1177 1504 proximae
1196 1446 1297 1491 secutas
1317 1445 1390 1501 sunt,
1415 1438 1496 1492 totius
1516 1440 1611 1510 synodi
1630 1444 1759 1499 concordi

955 1529 1091 1583 sententia
1112 1528 1229 1584 Nicaenae
1245 1530 1345 1598 regulae
1359 1545 1409 1584 ner.
1423 1529 1484 1585 addi
1506 1532 1652 1603 quidquam
1666 1548 1758 1605 posse,
1845 1582 1849 1587 .

956 1633 1006 1673 nec
1020 1618 1103 1675 ntinui
1118 1620 1273 1676 decernitur
1285 1619 1379 1694 (Frng.
1397 1638 1446 1686 tut,
1457 1639 1484 1679 ιι.
1497 1622 1527 1695 t)
1541 1642 1547 1676 ε
1565 1623 1757 1700 Ursaciusque,

142 1715 187 1770 st.
208 1715 376 1771 Aritttinensis
388 1717 490 1772 concilii
502 1718 625 1772 historico
638 1719 725 1774 series.
741 1710 1080 1779 -ntximusblslem,
1107 1711 1189 1770 C²l11⁸
1211 1720 1239 1768 θῑ
1265 1711 1438 1781 Geminius,
1469 1716 1568 1785 quibos
1595 1716 1761 1777 Athanasius

104 1824 196 1878 snpra,
212 1808 291 1863 ladem
315 1809 405 1865 Sirmii
418 1807 582 1865 Consulibus
595 1810 693 1867 additis
707 1826 798 1868 corant
816 1814 904 1884 lorpe-

104 1908 195 1955 ratore
208 1901 346 1971 scriptam,
359 1916 418 1971 que
433 1900 530 1957 Filium
543 1902 616 1957 Patri
629 1919 676 1971 pet
689 1905 778 1958 otnnia
787 1906 901 1960 similem

104 1992 272 2057 continebat,
291 1991 459 2061 ,factionibus
486 1993 648 2050 Asianorum
674 2004 843 2065 procuratam
872 2011 903 2052 ac

102 2083 232 2154 scriptam
246 2083 340 2150 luisse,
361 2085 544 2155 ittdictamque
569 2086 703 2157 synodum
724 2088 902 2145 universalem

102 2174 201 2229 Nicaeae
215 2175 358 2247 bithyniae,
373 2176 498 2243 diuisam,
509 2185 536 2234 el
547 2175 730 2235 Orientalibus
751 2180 902 2237 Seleuciam

104 2266 237 2334 isanriae,
260 2267 479 2324 (incidentalibus
505 2285 572 2325 tero
592 2272 726 2342 episcopis
749 2274 902 2329 Ariminum

104 2376 158 2431 quo
171 2360 346 2415 ctattrenirent
359 2358 455 2416 dictas.
470 2359 520 2416 Cui
542 2361 598 2427 lini,
619 2363 669 2417 nisi
690 2373 719 2418 ut
733 2365 855 2420 fallerent
872 2380 903 2421 ac

104 2451 349 2507 circumvenirent?
364 2451 435 2507 Certi
456 2453 527 2507 enim
543 2461 671 2522 quantum
686 2471 734 2509 sua
746 2454 862 2512 laesione
875 2459 901 2513 in

104 2542 215 2598 Oriente
238 2543 380 2611 pollerent,
397 2548 585 2600 veteratoriam
609 2556 637 2602 et
658 2549 806 2616 captiosam
829 2550 901 2606 illam

106 2635 168 2691 ltdei
190 2636 309 2706 regulam
325 2634 506 2692 Orientalibus
519 2637 654 2708 episcopis
671 2639 751 2697 larile
770 2643 903 2712 approba·

106 2738 181 2784 turos
195 2743 223 2783 sc
243 2743 292 2798 pro
307 2737 446 2798 comperto
462 2729 603 2796 habentes,
620 2731 807 2789 Occidentales
820 2749 902 2790 coac·

106 2830 147 2877 tos
167 2821 275 2878 taudem
297 2821 353 2878 lure
375 2821 400 2878 ei
426 2822 598 2879 subscribere
618 2823 802 2892 eretiiderunt,
822 2842 901 2897 quam

104 2917 202 2971 Oriens
224 2916 376 2986 probasset,
387 2924 416 2971 et
430 2915 577 2986 imperator
591 2917 776 2987 iuettnabilis,
798 2929 827 2975 ut
839 2936 901 2976 eum

954 1806 1118 1862 Auxentium
1129 1816 1156 1862 et
1171 1806 1359 1877 Demophilum
1375 1808 1506 1878 atdjtutgit,
1532 1810 1606 1866 velut
1628 1814 1759 1870 ecclesia·

954 1898 1029 1954 eticae
1043 1901 1117 1970 pacis
1131 1900 1370 1970 perturbatoresac
1381 1902 1510 1967 baeretici,
1525 1903 1560 1958 de
1570 1904 1653 1974 gradu
1668 1920 1718 1963 suo
1729 1915 1758 1962 et

955 1988 1073 2045 bdelium
1082 1991 1622 2062 communionedeturbantur,decemque
1632 1996 1712 2067 legati
1724 1999 1757 2053 ad

954 2083 1147 2153 imperatorem
1163 2085 1255 2148 missi;
1279 2099 1328 2152 per
1341 2100 1409 2156 quos
1424 2086 1482 2141 lucc
1503 2088 1611 2143 concilii
1634 2089 1757 2148 delinitio

955 2171 1160 2232 innotesceret:
1185 2176 1219 2230 tn
1241 2176 1296 2230 ltoec
1315 2177 1417 2247 qnicleut
1438 2178 1549 2232 Arimini
1572 2190 1630 2233 neto
1654 2180 1758 2238 cleriter

956 2269 1062 2339 (scribit
1081 2267 1256 2337 Athanasius)
1277 2270 1423 2322 istiusmodi
1442 2270 1519 2338 linem
1543 2272 1664 2327 ltubncre.
1689 2273 1758 2330 liam

953 2360 1061 2415 concilii
1082 2361 1245 2416 sententiam
1260 2363 1419 2431 ampliorem
1440 2371 1469 2418 et
1482 2367 1666 2436 integriorem,
1679 2385 1759 2437 quatu

954 2451 1024 2521 apud
1040 2454 1166 2520 antiquos
1180 2461 1305 2506 auctores
1319 2462 1419 2517 exstet,
1437 2454 1553 2522 adjectis
1567 2455 1671 2512 duobus
1685 2458 1761 2528 ejus·

953 2545 1015 2601 dem
1028 2545 1124 2616 synodi
1139 2545 1309 2615 fragmentis,
1326 2544 1384 2599 haec
1399 2545 1526 2602 collectio
1540 2547 1660 2604 exhibet.

989 2637 1035 2692 28.
1045 2636 1476 2692 Ariunornmdamttntornmartes.
1490 2636 1530 2692 De
1539 2641 1652 2711 [ommia
1661 2640 1760 2700 aviene

956 2728 1180 2785 lamam-Nec
1189 2741 1278 2786 tamen
1287 2731 1336 2800 ipsi
1349 2731 1442 2786 Ariani
1455 2747 1486 2786 ea
1497 2735 1631 2789 sententia
1639 2739 1760 2804 percussi
1790 2742 1793 2747 '

948 2820 1213 2891 'attitnosdeponttut,
1222 2830 1268 2875 aut
1280 2821 1438 2888 abinceptis
1448 2822 1584 2881 desistunt
1596 2844 1602 2880 ι
1615 2829 1697 2884 sedet
1708 2831 1760 2899 ipsi

953 2913 1047 2969 decem
1066 2931 1099 2969 ea
1121 2915 1177 2969 suis
1191 2956 1199 2980 ,
1215 2914 1241 2970 in
1256 2930 1372 2986 quorum
1387 2932 1501 2974 numero
1518 2921 1691 2979 condemnati
1720 2925 1760 2981 illi

104 3009 263 3065 Atarniantts
277 3008 406 3066 describit
419 3008 474 3078 (lib.
489 3026 547 3078 ιιι,
562 3028 585 3066 c.
605 3010 645 3084 5),
658 3028 714 3068 suae
734 3015 903 3070 auctoritatis
953 3008 1126 3075 exstiterunt,
1137 3007 1171 3062 ad
1186 3007 1377 3079 imperatorem
1398 3010 1568 3081 delegarant,
1581 3017 1626 3087 qui
1640 3016 1758 3072 Cttncilii

104 3101 202 3158 vindex
220 3104 364 3157 sartsisset.
385 3101 420 3156 Et
441 3117 507 3157 saue
525 3105 601 3160 testis
618 3116 659 3160 est
675 3115 767 3162 noster
781 3107 899 3164 llilarius
913 3101 936 3165 C
952 3100 1054 3173 legatos
1079 3102 1218 3157 celeritate
1230 3113 1443 3171 praevertentes,
1459 3103 1548 3174 ipsum
1562 3106 1757 3177 Imperatorem

104 3195 162 3266 (lib.
185 3176 338 3266 chynod.
359 3213 385 3250 ιι.
400 3194 456 3264 ca).
480 3196 582 3268 absque
599 3202 727 3268 episcopo
741 3200 849 3256 Eleusin
869 3200 905 3273 (is
954 3193 1228 3267 adtersttssynodum
1240 3194 1535 3262 adcoconcitarttnt,ut
1547 3198 1711 3270 ipsosrectae
1725 3203 1757 3256 li·

104 3296 164 3360 erat
176 3284 265 3359 Cyzici
280 3287 436 3360 episcopus)
455 3298 482 3344 et
496 3291 589 3362 paucis
608 3306 672 3346 cum
693 3307 737 3356 eo,
753 3309 785 3347 et
809 3293 905 3364 maiori
955 3287 998 3342 dei
1012 3287 1114 3359 legatos
1126 3288 1153 3343 in
1163 3303 1243 3344 suum
1258 3296 1433 3359 conspectum
1449 3290 1542 3346 venire
1553 3307 1607 3346 non
1621 3295 1759 3350 sustinue-

106 3387 184 3449 parte
196 3377 310 3434 Asianus
325 3377 418 3435 decem
433 3380 583 3449 prouincias
599 3382 668 3438 iutra
687 3397 756 3453 quas
769 3386 904 3441 consiste·
954 3380 990 3435 rit
1003 3380 1066 3436 :sed
1077 3382 1192 3449 primum
1208 3380 1412 3451 hadrianopoli.
1422 3383 1627 3441 deiudellicaeae
1636 3387 1761 3445 Thraciae

104 3471 270 3538 bat,tcrtttn
287 3472 371 3529 Oeum
388 3473 906 3548 nescisse:Atqneutinnm,sttbjttngit
955 3470 1399 3539 terlisdilalinnibttsdelirium
1427 3488 1477 3546 spe
1506 3477 1663 3544 detiorum.
1687 3481 1760 3551 quod

106 3563 164 3633 ille,
181 3563 262 3620 nean
278 3569 421 3621 nescirent:
433 3584 490 3621 cnm
502 3569 653 3641 procliviore
669 3570 737 3625 enim
749 3571 821 3625 nertin
832 3572 905 3642 ipae·
956 3563 1090 3630 crederet,
1106 3563 1164 3618 iniit
1174 3562 1363 3620 Titeodoretus
1374 3564 1431 3637 (tit.
1454 3581 1485 3632 tt,
1501 3568 1563 3624 hist.
1576 3572 1651 3625 eccl.=
1661 3590 1684 3625 c.
1701 3572 1758 3643 111),

33 3720 39 3727 .
105 3667 204 3724 rorent,
227 3674 303 3726 qnam
333 3656 510 3714 obtrectarent.
537 3659 590 3715 Seri
613 3660 705 3715 horam
728 3662 907 3734 episcoporum
956 3657 1100 3727 episcopos
1125 3655 1239 3711 Arimini
1264 3657 1414 3727 legatorum
1435 3673 1545 3714 sttomm
1568 3660 1685 3716 reditum
1712 3678 1762 3720 et·

106 3749 182 3804 dolor
202 3767 229 3806 se
250 3751 459 3805 introsilcntinm
478 3768 529 3806 non
547 3753 689 3817 continens,
705 3753 828 3809 natitatem
845 3755 907 3824 fidei
956 3757 1121 3820 spectantes,
1151 3750 1248 3818 partim
1272 3751 1366 3816 sertio,
1395 3754 1490 3820 partim
1514 3753 1603 3822 inopia
1639 3773 1759 3826 pressos,

106 3845 186 3919 ltnjns
196 3845 298 3915 qnoerit,
309 3861 387 3914 qnntn
397 3845 550 3913 intudndnm
564 3862 609 3919 per
619 3846 785 3902 nliosnmisit.
800 3848 906 3917 Scripta
956 3856 1050 3896 bibims
1085 3840 1262 3897 diuturnioris
1296 3857 1311 3896 a
1343 3844 1459 3912 propriis
1485 3844 1595 3902 sedibus
1629 3847 1760 3906 absentie

105 3936 198 4009 itaque
212 3953 243 3993 ea
258 3937 322 4004 lide,
338 3937 479 4008 diuisaque
493 3938 597 4004 sattttdo
611 3940 774 4006 uniuersali,
787 3940 905 4012 rescrip·
957 3940 1098 4004 pertaesos,
1111 3933 1213 3989 sedilib
1226 3933 1362 3989 (185ῑᾶ11Ῑο
1384 3934 1419 3990 ³¹¹
1442 3935 1504 3991 fldl'i
1525 3938 1670 4008 proposita
1696 3941 1760 3997 ⁸¹¹¹}-

108 4041 165 4086 tttm
179 4030 213 4085 ad
229 4039 370 4102 utramque
385 4031 567 4103 synodumab
582 4031 744 4103 imperatore
762 4032 907 4103 impetrant
957 4025 1131 4097 scriptionem
1147 4026 1218 4083 llecti
1230 4041 1320 4094 posse.
1334 4023 1404 4096 Quiit
1418 4027 1499 4084 etiam
1518 4028 1632 4087 Ursacio
1647 4031 1760 4090 laculta-

108 4123 213 4189 Ariani,
229 4138 283 4194 quo
304 4120 343 4195 (a)
359 4123 474 4194 priunum
489 4123 524 4179 de
546 4124 599 4180 lide
611 4138 785 4195 cognoscere,
808 4124 907 4181 deinde
959 4128 1013 4176 tetu
1029 4120 1150 4186 tradidit,
1172 4120 1206 4176 de
1228 4120 1281 4176 lide
1306 4135 1355 4191 pro
1380 4121 1511 4178 arbitratu
1525 4127 1681 4183 statuendi:
1708 4146 1760 4200 qua

107 4231 204 4271 causas
216 4217 416 4286 episcoporum,
439 4229 599 4288 mutuasque
613 4218 682 4273 inter
701 4233 762 4274 sese
777 4218 907 4290 digladia·
958 4220 1069 4282 accepta
1091 4223 1231 4267 strenuum
1255 4212 1331 4267 illurn
1356 4212 1488 4269 Plautinas
1524 4217 1633 4276 iamilire
1663 4221 1760 4279 ducem

108 4306 196 4364 tiones
203 4305 282 4381 m
290 4323 321 4364 ac
330 4307 534 4365 criminationes
544 4309 680 4366 discutere
691 4309 798 4366 collecti
812 4309 907 4368 Patres
958 4308 1133 4380 compressis,
1145 4309 1268 4375 utaiunt,
1285 4308 1410 4365 manibus
1425 4327 1479 4367 nou
1491 4304 1606 4381 sedisse,
1627 4331 1709 4373 nemo
1720 4329 1762 4375 est

105 4400 246 4468 jubeatur,
268 4401 403 4471 rebusque
415 4401 541 4471 judicatis
551 4418 583 4457 ac
592 4403 691 4458 decisis
700 4404 793 4459 decem
804 4403 907 4474 legatos
959 4403 1002 4458 cui
1016 4417 1069 4458 uon
1085 4403 1175 4457 statim
1190 4401 1349 4457 inurentem
1376 4403 1478 4458 ueniat.
1498 4404 1574 4461 Tunc
1599 4423 1665 4480 ergo
1689 4419 1762 4466 tanta

109 4492 241 4548 satiantem
254 4507 347 4547 eorum
361 4508 421 4563 quas
440 4502 514 4562 gesta
537 4501 630 4549 essent
642 4494 794 4550 reddituros
805 4493 838 4550 ad
861 4510 909 4550 co·
923 4487 1123 4556 Dauctoritate
1136 4492 1243 4549 subnixi
1256 4491 1359 4559 Ariani,
1369 4491 1486 4550 derisam
1499 4496 1571 4552 illam
1587 4513 1661 4564 suam
1678 4498 1759 4555 iidem

109 4576 232 4639 tuitattn'n
247 4584 389 4656 delegare;
408 4585 523 4639 alterum
537 4585 617 4640 etiam
637 4585 670 4640 ad
689 4585 783 4641 Patres
795 4584 909 4642 Aritnini
964 4586 1129 4657 interpolare
1144 4587 1232 4654 potius
1253 4599 1333 4655 quant
1347 4585 1494 4640 emendare
1507 4589 1647 4657 cupientes
1673 4589 1759 4662 (quod

109 4691 297 4750 congregatos,
323 4694 376 4749 qno
388 4677 422 4734 de
435 4677 616 4734 Orientalibus
635 4679 770 4748 episcopis
792 4679 910 4749 cognitio
962 4676 1125 4749 supraaliad
1136 4685 1247 4747 agetttes
1262 4674 1428 4746 retulimus),
1441 4678 1605 4746 eseatplaria
1616 4679 1763 4749 ejasundi-

110 4771 143 4826 iis
167 4770 346 4836 interdicitur,
371 4771 522 4841 iterumque
546 4770 580 4826 de
602 4769 695 4826 decem
717 4769 854 4825 mittendis
874 4770 909 4826 ad
962 4786 1015 4842 qne
1028 4768 1150 4837 conquiri
1166 4773 1194 4821 et
1208 4764 1347 4835 corrugari
1372 4781 1419 4836 per
1439 4766 1600 4823 Mattianum
1627 4773 1761 4829 arterium

109 4867 267 4921 contimtum
283 4864 378 4935 legatis
392 4863 581 4919 admonentur.
604 4863 705 4918 Prioris
720 4863 843 4932 rescripti
855 4863 908 4920 So·
962 4857 1241 4930 curaruntldtltenus.
1254 4855 1471 4931 assanensis.
1488 4856 1564 4931 901),
1582 4862 1764 4937 detractasque

109 4973 239 5014 zomenus
262 4957 406 5012 meminit:
424 4956 557 5026 posterius
579 4942 646 5026 (scil.
663 4953 741 5026 Frag.
763 4970 811 5020 ιιι,
826 4973 853 5010 ιι.
869 4957 909 5028 1),
963 4952 1130 5017 consulibus,
1146 4951 1220 5004 uelut
1233 4945 1309 5003 lares
1323 4946 1421 5003 alienis
1444 4950 1546 5017 poculis
1560 4966 1641 5008 ansas
1654 4954 1763 5014 aulcrre

111 5049 155 5105 bic
176 5065 201 5104 ιι
224 5048 281 5103 ital.
304 5048 408 5114 lunias,
434 5048 460 5102 id
486 5047 644 5119 est,quinto
661 5048 808 5117 postillam
831 5049 911 5105 litlent
965 5048 1066 5113 soleat,
1080 5045 1228 5115 paucisque
1241 5041 1343 5097 craculis
1367 5043 1550 5112 commutatis,
1565 5047 1687 5103 eamdem
1702 5065 1765 5119 per-

110 5144 293 5213 conscriptatn
314 5142 360 5197 die
383 5141 495 5196 missum
515 5141 638 5197 babetur.
666 5139 740 5197 'lunc
763 5142 845 5212 igitur
870 5140 913 5197 itis
966 5139 1258 5210 lidiam,itnmoetiatu
1272 5115 1447 5202 deteriorem,
1465 5136 1552 5191 bontas
1575 5138 1635 5197 illas
1661 5142 1764 5214 legatos

111 5237 222 5309 seriptis
239 5235 418 5295 subsarcinati
435 5234 543 5297 Valens.
567 5235 693 5292 Ursacius
714 5245 742 5291 et
758 5235 914 5293 Germinius
965 5253 1017 5309 qua
1033 5236 1070 5300 ui,
1084 5232 1240 5307 quairaude
1254 5232 1405 5288 nonsolutu
1416 5246 1464 5286 sua
1480 5233 1682 5304 subscriptione
1700 5253 1763 5295 con·

113 5332 266 5389 Ariminum
295 5329 399 5401 magnis
438 5328 583 5383 itineribus
619 5329 816 5385 contendentes
849 5344 912 5384 eum
966 5325 1349 5394 ltrmare,sedetiamipsius
1368 5312 1492 5389 'cottcilii
1518 5326 1595 5395 cnjus
1621 5345 1766 5397 personam

113 5426 248 5482 Auxentio
261 5440 362 5497 genere
375 5421 538 5493 Cappadoce
566 5421 654 5491 potius
680 5422 804 5477 delatore
829 5437 938 5522 quatu0
967 5415 1768 5520 sustentabant,dantnatauerbisdisertisseutcntia,742

151 5563 190 5635 ln)
211 5563 247 5618 lta
261 5562 430 5617 sozomenus
443 5559 490 5614 lib.
506 5572 545 5623 ιι,
561 5571 586 5613 c.
599 5558 647 5621 l'l;
664 5555 711 5611 sed
724 5555 849 5613 Socrates
864 5557 913 5614 lib.
969 5572 1041 5612 mum
1053 5552 1244 5637 ittflquirendum
1258 5567 1319 5607 csse
1332 5550 1599 5639 disceptantemque
1611 5558 1768 5645 interestm-

113 5648 145 5698 tt,
160 5649 185 5689 e.
209 5634 255 5692 59.
276 5634 353 5689 testis
371 5640 414 5687 est
429 5645 552 5702 onagrum
571 5644 602 5685 ea
616 5626 652 5684 de
666 5642 696 5685 re
711 5628 914 5686 contentionem
969 5635 1102 5700 peratons
1117 5623 1311 5692 :afferebautnn
1337 5624 1435 5695 qutbus
1453 5638 1526 5680 nunc
1539 5626 1601 5696 boc,
1618 5646 1689 5690 nunc
1702 5635 1768 5694 attan

113 5706 209 5772 luisse,
221 5704 289 5762 alios
302 5703 336 5760 dc
350 5703 412 5765 tide.
427 5702 496 5756 alios
509 5701 543 5755 de
553 5700 742 5773 episcoporum
756 5701 846 5758 causis
861 5700 914 5772 pri·
951 5782 954 5787 Α
970 5696 1153 5771 precipiebat.

336 5800 482 5860 Persou.
522 5796 563 5857 X.
1493 5790 1533 5853 29
