<?xml version="1.0" encoding="UTF-8"?>
<!DOCTYPE html PUBLIC "-//W3C//DTD XHTML 1.0 Transitional//EN"
    "http://www.w3.org/TR/xhtml1/DTD/xhtml1-transitional.dtd">
<html xmlns="http://www.w3.org/1999/xhtml" xml:lang="en" lang="en">
 <head>
  <title>
</title>
<meta http-equiv="Content-Type" content="text/html;charset=utf-8" />
  <meta name='ocr-system' content='tesseract 3.04.00' />
  <meta name='ocr-capabilities' content='ocr_page ocr_carea ocr_par ocr_line ocrx_word'/>
</head>
<body>
  <div class='ocr_page' id='page_1' title='image "./patrologiaecurs111unkngoog/patrologiaecurs111unkngoog_0136.png"; bbox 0 0 3884 6136; ppageno 0'>
   <div class='ocr_carea' id='block_1_1' title="bbox 82 196 1740 278">
    <p class='ocr_par' dir='ltr' id='par_1_1' title="bbox 82 196 1740 278">
     <span class='ocr_line' id='line_1_1' title="bbox 82 196 1740 278; baseline 0.001 -1"><span class='ocrx_word' id='word_1_1' title='bbox 82 216 137 278; x_wconf 77' lang='lat' dir='ltr'>aot</span> <span class='ocrx_word' id='word_1_2' title='bbox 696 196 1152 274; x_wconf 76' lang='lat' dir='ltr'>ontntrttrtrttttoettttu.</span> <span class='ocrx_word' id='word_1_3' title='bbox 1684 205 1740 278; x_wconf 78' lang='lat' dir='ltr'>eti</span> 
     </span>
    </p>
   </div>
   <div class='ocr_carea' id='block_1_2' title="bbox 79 328 1753 3855">
    <p class='ocr_par' dir='ltr' id='par_1_2' title="bbox 82 328 1741 500">
     <span class='ocr_line' id='line_1_2' title="bbox 82 328 1739 407; baseline -0.001 -17"><span class='ocrx_word' id='word_1_4' title='bbox 82 345 148 401; x_wconf 84' lang='lat' dir='ltr'>trat,</span> <span class='ocrx_word' id='word_1_5' title='bbox 160 334 280 391; x_wconf 84' lang='lat' dir='ltr'>membra</span> <span class='ocrx_word' id='word_1_6' title='bbox 299 331 360 389; x_wconf 78' lang='lat' dir='ltr'>liaeo</span> <span class='ocrx_word' id='word_1_7' title='bbox 371 332 519 403; x_wconf 69' lang='lat' dir='ltr'>gratiarum</span> <span class='ocrx_word' id='word_1_8' title='bbox 537 331 565 388; x_wconf 93' lang='lat' dir='ltr'>in</span> <span class='ocrx_word' id='word_1_9' title='bbox 579 330 746 404; x_wconf 68' lang='lat' dir='ltr'>perfectione</span> <span class='ocrx_word' id='word_1_10' title='bbox 760 332 808 407; x_wconf 88' lang='lat' dir='ltr'>(ul.</span> <span class='ocrx_word' id='word_1_11' title='bbox 819 347 882 405; x_wconf 90' lang='lat' dir='ltr'>per·</span> <span class='ocrx_word' id='word_1_12' title='bbox 895 333 923 395; x_wconf 82' lang='grc' dir='ltr'><strong>Λ</strong></span> <span class='ocrx_word' id='word_1_13' title='bbox 936 329 990 387; x_wconf 81' lang='lat' dir='ltr'>Sed</span> <span class='ocrx_word' id='word_1_14' title='bbox 1003 329 1077 387; x_wconf 79' lang='lat' dir='ltr'>nolis</span> <span class='ocrx_word' id='word_1_15' title='bbox 1088 346 1158 387; x_wconf 77' lang='lat' dir='ltr'>uitur</span> <span class='ocrx_word' id='word_1_16' title='bbox 1172 329 1243 387; x_wconf 78' lang='lat' dir='ltr'>licor</span> <span class='ocrx_word' id='word_1_17' title='bbox 1259 338 1335 405; x_wconf 80' lang='lat' dir='ltr'>peter</span> <span class='ocrx_word' id='word_1_18' title='bbox 1346 333 1437 401; x_wconf 80' lang='lat' dir='ltr'>eoquo</span> <span class='ocrx_word' id='word_1_19' title='bbox 1450 332 1544 397; x_wconf 83' lang='lat' dir='ltr'>nonio.</span> <span class='ocrx_word' id='word_1_20' title='bbox 1560 328 1600 403; x_wconf 72' lang='lat' dir='ltr'>ill</span> <span class='ocrx_word' id='word_1_21' title='bbox 1613 342 1637 388; x_wconf 85' lang='lat' dir='ltr'>et</span> <span class='ocrx_word' id='word_1_22' title='bbox 1652 351 1698 389; x_wconf 88' lang='lat' dir='ltr'>nor</span> <span class='ocrx_word' id='word_1_23' title='bbox 1711 337 1739 390; x_wconf 85' lang='lat' dir='ltr'>iu</span> 
     </span>
     <span class='ocr_line' id='line_1_3' title="bbox 82 421 1741 500; baseline -0.001 -15"><span class='ocrx_word' id='word_1_24' title='bbox 82 430 243 498; x_wconf 71' lang='lat' dir='ltr'>lectionem&gt;</span> <span class='ocrx_word' id='word_1_25' title='bbox 262 426 342 483; x_wconf 87' lang='lat' dir='ltr'>unius</span> <span class='ocrx_word' id='word_1_26' title='bbox 356 427 480 497; x_wconf 80' lang='lat' dir='ltr'>corporis</span> <span class='ocrx_word' id='word_1_27' title='bbox 492 427 668 482; x_wconf 90' lang='lat' dir='ltr'>diridentctu.</span> <span class='ocrx_word' id='word_1_28' title='bbox 936 426 1010 498; x_wconf 84' lang='lat' dir='ltr'>ipro,</span> <span class='ocrx_word' id='word_1_29' title='bbox 1022 435 1046 480; x_wconf 85' lang='lat' dir='ltr'>et</span> <span class='ocrx_word' id='word_1_30' title='bbox 1067 441 1134 480; x_wconf 78' lang='lat' dir='ltr'>urar</span> <span class='ocrx_word' id='word_1_31' title='bbox 1148 421 1276 479; x_wconf 75' lang='lat' dir='ltr'>Dominum</span> <span class='ocrx_word' id='word_1_32' title='bbox 1289 424 1366 480; x_wconf 79' lang='lat' dir='ltr'>term</span> <span class='ocrx_word' id='word_1_33' title='bbox 1380 422 1498 480; x_wconf 82' lang='lat' dir='ltr'>Citrittur</span> <span class='ocrx_word' id='word_1_34' title='bbox 1517 443 1562 497; x_wconf 79' lang='lat' dir='ltr'>per</span> <span class='ocrx_word' id='word_1_35' title='bbox 1574 427 1657 500; x_wconf 70' lang='lat'>238</span> <span class='ocrx_word' id='word_1_36' title='bbox 1666 444 1741 498; x_wconf 85' lang='lat' dir='ltr'>quent</span> 
     </span>
    </p>

    <p class='ocr_par' dir='ltr' id='par_1_3' title="bbox 79 516 1752 3292">
     <span class='ocr_line' id='line_1_4' title="bbox 120 516 1743 591; baseline -0.002 -13"><span class='ocrx_word' id='word_1_37' title='bbox 120 520 169 578; x_wconf 63' lang='grc' dir='ltr'>ὢ.</span> <span class='ocrx_word' id='word_1_38' title='bbox 191 520 362 591; x_wconf 70' lang='lat' dir='ltr'>operationes</span> <span class='ocrx_word' id='word_1_39' title='bbox 376 529 402 575; x_wconf 84' lang='lat' dir='ltr'>et</span> <span class='ocrx_word' id='word_1_40' title='bbox 420 520 562 575; x_wconf 82' lang='lat' dir='ltr'>utinittem&#39;u</span> <span class='ocrx_word' id='word_1_41' title='bbox 577 519 648 574; x_wconf 77' lang='lat' dir='ltr'>licut</span> <span class='ocrx_word' id='word_1_42' title='bbox 669 521 768 575; x_wconf 81' lang='lat' dir='ltr'>ttottu&#39;t.</span> <span class='ocrx_word' id='word_1_43' title='bbox 788 519 886 576; x_wconf 86' lang='lat' dir='ltr'>Stuttrit</span> <span class='ocrx_word' id='word_1_44' title='bbox 937 518 1065 582; x_wconf 70' lang='lat' dir='ltr'>omniun</span> <span class='ocrx_word' id='word_1_45' title='bbox 1075 517 1293 590; x_wconf 74' lang='lat' dir='ltr'>norperiptuntll</span> <span class='ocrx_word' id='word_1_46' title='bbox 1304 516 1363 572; x_wconf 83' lang='lat' dir='ltr'>Cor.</span> <span class='ocrx_word' id='word_1_47' title='bbox 1374 532 1431 584; x_wconf 83' lang='lat' dir='ltr'>titt,</span> <span class='ocrx_word' id='word_1_48' title='bbox 1442 517 1634 591; x_wconf 85' lang='lat' dir='ltr'>6).Etrursum</span> <span class='ocrx_word' id='word_1_49' title='bbox 1648 538 1654 572; x_wconf 95' lang='lat'>:</span> <span class='ocrx_word' id='word_1_50' title='bbox 1669 519 1743 576; x_wconf 82' lang='lat' dir='ltr'>littus</span> 
     </span>
     <span class='ocr_line' id='line_1_5' title="bbox 81 610 1743 685; baseline -0.001 -15"><span class='ocrx_word' id='word_1_51' title='bbox 81 611 426 670; x_wconf 65' lang='lat' dir='ltr'>adiurare-titutione</span> <span class='ocrx_word' id='word_1_52' title='bbox 435 612 618 668; x_wconf 84' lang='lat' dir='ltr'>nontettnisse</span> <span class='ocrx_word' id='word_1_53' title='bbox 632 610 764 668; x_wconf 80' lang='lat' dir='ltr'>rutiouem</span> <span class='ocrx_word' id='word_1_54' title='bbox 774 611 886 668; x_wconf 81' lang='lat' dir='ltr'>uuitutit</span> <span class='ocrx_word' id='word_1_55' title='bbox 938 611 1075 677; x_wconf 83' lang='lat' dir='ltr'>llotttinur,</span> <span class='ocrx_word' id='word_1_56' title='bbox 1088 611 1311 683; x_wconf 65' lang='lat' dir='ltr'>surridenanttttt</span> <span class='ocrx_word' id='word_1_57' title='bbox 1323 613 1460 685; x_wconf 80' lang='lat' dir='ltr'>ioptirntu.</span> <span class='ocrx_word' id='word_1_58' title='bbox 1470 611 1622 669; x_wconf 76' lang='lat' dir='ltr'>Ururlieur</span> <span class='ocrx_word' id='word_1_59' title='bbox 1632 624 1656 668; x_wconf 85' lang='lat' dir='ltr'>et</span> <span class='ocrx_word' id='word_1_60' title='bbox 1670 624 1743 685; x_wconf 86' lang='lat' dir='ltr'>puter</span> 
     </span>
     <span class='ocr_line' id='line_1_6' title="bbox 82 703 1741 781; baseline -0.001 -16"><span class='ocrx_word' id='word_1_61' title='bbox 82 708 115 764; x_wconf 88' lang='lat' dir='ltr'>in</span> <span class='ocrx_word' id='word_1_62' title='bbox 131 707 526 778; x_wconf 79' lang='lat' dir='ltr'>eotpnstotmoxistimrtnr‚</span> <span class='ocrx_word' id='word_1_63' title='bbox 542 705 613 775; x_wconf 86' lang='lat' dir='ltr'>qoud</span> <span class='ocrx_word' id='word_1_64' title='bbox 629 703 767 760; x_wconf 69' lang='lat' dir='ltr'>dixitzsst</span> <span class='ocrx_word' id='word_1_65' title='bbox 782 704 888 759; x_wconf 72' lang='lat' dir='ltr'>diuisio-</span> <span class='ocrx_word' id='word_1_66' title='bbox 938 708 1053 762; x_wconf 79' lang='lat' dir='ltr'>onmem</span> <span class='ocrx_word' id='word_1_67' title='bbox 1067 706 1104 778; x_wconf 79' lang='lat' dir='ltr'>(e)</span> <span class='ocrx_word' id='word_1_68' title='bbox 1120 716 1144 761; x_wconf 87' lang='lat' dir='ltr'>ct</span> <span class='ocrx_word' id='word_1_69' title='bbox 1157 722 1202 776; x_wconf 83' lang='lat' dir='ltr'>prr</span> <span class='ocrx_word' id='word_1_70' title='bbox 1216 722 1303 761; x_wconf 77' lang='lat' dir='ltr'>omnes</span> <span class='ocrx_word' id='word_1_71' title='bbox 1314 707 1505 762; x_wconf 82' lang='lat' dir='ltr'>rtinomtu&#39;iur</span> <span class='ocrx_word' id='word_1_72' title='bbox 1530 707 1603 763; x_wconf 77' lang='lat' dir='ltr'>nolit</span> <span class='ocrx_word' id='word_1_73' title='bbox 1632 707 1741 781; x_wconf 69' lang='lat' dir='ltr'>(epte.</span> 
     </span>
     <span class='ocr_line' id='line_1_7' title="bbox 82 797 1743 871; baseline 0.001 -13"><span class='ocrx_word' id='word_1_74' title='bbox 82 819 132 858; x_wconf 81' lang='lat' dir='ltr'>tter</span> <span class='ocrx_word' id='word_1_75' title='bbox 144 800 346 857; x_wconf 73' lang='lat' dir='ltr'>nisiinteriururn</span> <span class='ocrx_word' id='word_1_76' title='bbox 353 810 423 863; x_wconf 84' lang='lat' dir='ltr'>runt.</span> <span class='ocrx_word' id='word_1_77' title='bbox 434 799 502 854; x_wconf 79' lang='lat' dir='ltr'>itm</span> <span class='ocrx_word' id='word_1_78' title='bbox 511 799 566 871; x_wconf 86' lang='lat' dir='ltr'>ipre</span> <span class='ocrx_word' id='word_1_79' title='bbox 579 798 725 865; x_wconf 72' lang='lat' dir='ltr'>dontinus:</span> <span class='ocrx_word' id='word_1_80' title='bbox 739 809 763 853; x_wconf 85' lang='lat' dir='ltr'>et</span> <span class='ocrx_word' id='word_1_81' title='bbox 774 798 888 852; x_wconf 70' lang='lat' dir='ltr'>disido—</span> <span class='ocrx_word' id='word_1_82' title='bbox 938 812 975 865; x_wconf 87' lang='grc' dir='ltr'>ιι,</span> <span class='ocrx_word' id='word_1_83' title='bbox 1003 798 1031 863; x_wconf 87' lang='lat' dir='ltr'>il,</span> <span class='ocrx_word' id='word_1_84' title='bbox 1059 797 1099 870; x_wconf 78' lang='lat' dir='ltr'>dl.</span> <span class='ocrx_word' id='word_1_85' title='bbox 1117 798 1170 855; x_wconf 87' lang='lat' dir='ltr'>Per</span> <span class='ocrx_word' id='word_1_86' title='bbox 1182 799 1209 853; x_wconf 89' lang='lat' dir='ltr'>id</span> <span class='ocrx_word' id='word_1_87' title='bbox 1225 798 1308 866; x_wconf 82' lang='lat' dir='ltr'>enirn,</span> <span class='ocrx_word' id='word_1_88' title='bbox 1326 800 1397 871; x_wconf 93' lang='lat' dir='ltr'>quod</span> <span class='ocrx_word' id='word_1_89' title='bbox 1420 799 1522 856; x_wconf 91' lang='lat' dir='ltr'>dicitur</span> <span class='ocrx_word' id='word_1_90' title='bbox 1534 817 1603 856; x_wconf 87' lang='lat' dir='ltr'>urtur</span> <span class='ocrx_word' id='word_1_91' title='bbox 1622 800 1693 858; x_wconf 79' lang='lat' dir='ltr'>licus</span> <span class='ocrx_word' id='word_1_92' title='bbox 1712 808 1743 859; x_wconf 87' lang='lat' dir='ltr'>et</span> 
     </span>
     <span class='ocr_line' id='line_1_8' title="bbox 83 891 1742 971; baseline 0.001 -19"><span class='ocrx_word' id='word_1_93' title='bbox 83 913 133 952; x_wconf 80' lang='lat' dir='ltr'>ner</span> <span class='ocrx_word' id='word_1_94' title='bbox 145 895 323 966; x_wconf 71' lang='lat' dir='ltr'>mundanum</span> <span class='ocrx_word' id='word_1_95' title='bbox 336 903 407 959; x_wconf 81' lang='lat' dir='ltr'>runt,</span> <span class='ocrx_word' id='word_1_96' title='bbox 424 893 492 947; x_wconf 84' lang='lat' dir='ltr'>idern</span> <span class='ocrx_word' id='word_1_97' title='bbox 505 902 591 947; x_wconf 76' lang='lat' dir='ltr'>retem</span> <span class='ocrx_word' id='word_1_98' title='bbox 610 891 680 947; x_wconf 76' lang='lat' dir='ltr'>licut</span> <span class='ocrx_word' id='word_1_99' title='bbox 705 891 813 971; x_wconf 65' lang='lat' dir='ltr'>(ider.</span> <span class='ocrx_word' id='word_1_100' title='bbox 837 906 885 959; x_wconf 82' lang='lat' dir='ltr'>ru,</span> <span class='ocrx_word' id='word_1_101' title='bbox 938 891 1165 959; x_wconf 67' lang='lat' dir='ltr'>murmurium,</span> <span class='ocrx_word' id='word_1_102' title='bbox 1184 894 1240 950; x_wconf 82' lang='lat' dir='ltr'>lieu</span> <span class='ocrx_word' id='word_1_103' title='bbox 1255 901 1359 948; x_wconf 87' lang='lat' dir='ltr'>tanturn</span> <span class='ocrx_word' id='word_1_104' title='bbox 1370 895 1447 965; x_wconf 90' lang='lat' dir='ltr'>quasi</span> <span class='ocrx_word' id='word_1_105' title='bbox 1461 896 1508 949; x_wconf 87' lang='lat' dir='ltr'>uni</span> <span class='ocrx_word' id='word_1_106' title='bbox 1527 895 1584 952; x_wconf 80' lang='lat' dir='ltr'>lieo</span> <span class='ocrx_word' id='word_1_107' title='bbox 1604 895 1742 967; x_wconf 87' lang='lat' dir='ltr'>proprium</span> 
     </span>
     <span class='ocr_line' id='line_1_9' title="bbox 87 984 1744 1062; baseline -0.001 -16"><span class='ocrx_word' id='word_1_108' title='bbox 87 988 163 1062; x_wconf 69' lang='grc'><strong>(5.6)</strong></span> <span class='ocrx_word' id='word_1_109' title='bbox 178 1005 185 1043; x_wconf 92' lang='lat'><strong>:</strong></span> <span class='ocrx_word' id='word_1_110' title='bbox 201 996 234 1043; x_wconf 88' lang='lat' dir='ltr'>nt</span> <span class='ocrx_word' id='word_1_111' title='bbox 254 988 317 1058; x_wconf 78' lang='lat' dir='ltr'>qnia</span> <span class='ocrx_word' id='word_1_112' title='bbox 343 984 541 1042; x_wconf 65' lang='lat' dir='ltr'>ministeriam</span> <span class='ocrx_word' id='word_1_113' title='bbox 558 985 702 1042; x_wconf 82' lang='lat' dir='ltr'>liomiuum</span> <span class='ocrx_word' id='word_1_114' title='bbox 727 986 837 1051; x_wconf 86' lang='lat' dir='ltr'>retulit,</span> <span class='ocrx_word' id='word_1_115' title='bbox 860 994 888 1040; x_wconf 87' lang='lat' dir='ltr'>et</span> <span class='ocrx_word' id='word_1_116' title='bbox 939 984 1062 1057; x_wconf 88' lang='lat' dir='ltr'>deputari</span> <span class='ocrx_word' id='word_1_117' title='bbox 1076 986 1183 1043; x_wconf 84' lang='lat' dir='ltr'>videtur</span> <span class='ocrx_word' id='word_1_118' title='bbox 1194 996 1224 1042; x_wconf 91' lang='lat' dir='ltr'>ut</span> <span class='ocrx_word' id='word_1_119' title='bbox 1234 986 1306 1042; x_wconf 78' lang='lat' dir='ltr'>liene</span> <span class='ocrx_word' id='word_1_120' title='bbox 1319 987 1355 1042; x_wconf 91' lang='lat' dir='ltr'>sit</span> <span class='ocrx_word' id='word_1_121' title='bbox 1380 1002 1388 1040; x_wconf 79' lang='lat' dir='ltr'>t</span> <span class='ocrx_word' id='word_1_122' title='bbox 1411 1001 1473 1042; x_wconf 86' lang='lat' dir='ltr'>cntn</span> <span class='ocrx_word' id='word_1_123' title='bbox 1498 987 1650 1058; x_wconf 87' lang='lat' dir='ltr'>proprietas</span> <span class='ocrx_word' id='word_1_124' title='bbox 1663 990 1744 1045; x_wconf 88' lang='lat' dir='ltr'>unios</span> 
     </span>
     <span class='ocr_line' id='line_1_10' title="bbox 81 1078 1743 1155; baseline -0.001 -15"><span class='ocrx_word' id='word_1_125' title='bbox 81 1083 261 1155; x_wconf 78' lang='lat' dir='ltr'>operationes</span> <span class='ocrx_word' id='word_1_126' title='bbox 276 1081 310 1137; x_wconf 90' lang='lat' dir='ltr'>ad</span> <span class='ocrx_word' id='word_1_127' title='bbox 326 1082 431 1147; x_wconf 85' lang='lat' dir='ltr'>ileum,</span> <span class='ocrx_word' id='word_1_128' title='bbox 454 1096 508 1136; x_wconf 92' lang='lat' dir='ltr'>non</span> <span class='ocrx_word' id='word_1_129' title='bbox 522 1096 605 1136; x_wconf 85' lang='lat' dir='ltr'>unum</span> <span class='ocrx_word' id='word_1_130' title='bbox 624 1091 706 1153; x_wconf 81' lang='lat' dir='ltr'>utque</span> <span class='ocrx_word' id='word_1_131' title='bbox 727 1080 845 1152; x_wconf 88' lang='lat' dir='ltr'>idipsutn</span> <span class='ocrx_word' id='word_1_132' title='bbox 860 1081 888 1136; x_wconf 87' lang='lat' dir='ltr'>in</span> <span class='ocrx_word' id='word_1_133' title='bbox 943 1078 978 1150; x_wconf 73' lang='lat' dir='ltr'>is)</span> <span class='ocrx_word' id='word_1_134' title='bbox 998 1080 1166 1134; x_wconf 72' lang='lat' dir='ltr'>consortium</span> <span class='ocrx_word' id='word_1_135' title='bbox 1192 1092 1246 1135; x_wconf 94' lang='lat' dir='ltr'>non</span> <span class='ocrx_word' id='word_1_136' title='bbox 1275 1079 1391 1149; x_wconf 81' lang='lat' dir='ltr'>patiatur</span> <span class='ocrx_word' id='word_1_137' title='bbox 1412 1080 1536 1136; x_wconf 83' lang='lat' dir='ltr'>alterius.</span> <span class='ocrx_word' id='word_1_138' title='bbox 1552 1080 1669 1152; x_wconf 80' lang='lat' dir='ltr'>Opiane</span> <span class='ocrx_word' id='word_1_139' title='bbox 1682 1098 1743 1138; x_wconf 83' lang='lat' dir='ltr'>rara</span> 
     </span>
     <span class='ocr_line' id='line_1_11' title="bbox 82 1171 1744 1245; baseline 0 -15"><span class='ocrx_word' id='word_1_140' title='bbox 82 1174 246 1231; x_wconf 83' lang='lat' dir='ltr'>tministeriis</span> <span class='ocrx_word' id='word_1_141' title='bbox 273 1182 356 1244; x_wconf 82' lang='lat' dir='ltr'>atque</span> <span class='ocrx_word' id='word_1_142' title='bbox 381 1173 587 1244; x_wconf 71' lang='lat' dir='ltr'>operationibus</span> <span class='ocrx_word' id='word_1_143' title='bbox 614 1173 738 1229; x_wconf 82' lang='lat' dir='ltr'>viderur</span> <span class='ocrx_word' id='word_1_144' title='bbox 762 1173 888 1245; x_wconf 70' lang='lat' dir='ltr'>ituettiqt.</span> <span class='ocrx_word' id='word_1_145' title='bbox 940 1186 973 1227; x_wconf 84' lang='lat' dir='ltr'>tre</span> <span class='ocrx_word' id='word_1_146' title='bbox 986 1171 1106 1228; x_wconf 86' lang='lat' dir='ltr'>diidcilia</span> <span class='ocrx_word' id='word_1_147' title='bbox 1119 1171 1317 1228; x_wconf 69' lang='lat' dir='ltr'>enarmonium</span> <span class='ocrx_word' id='word_1_148' title='bbox 1337 1172 1421 1238; x_wconf 71' lang='lat' dir='ltr'>dorm</span> <span class='ocrx_word' id='word_1_149' title='bbox 1436 1180 1466 1228; x_wconf 90' lang='lat' dir='ltr'>et</span> <span class='ocrx_word' id='word_1_150' title='bbox 1479 1187 1545 1229; x_wconf 80' lang='lat' dir='ltr'>tere</span> <span class='ocrx_word' id='word_1_151' title='bbox 1559 1173 1586 1229; x_wconf 92' lang='lat' dir='ltr'>itt</span> <span class='ocrx_word' id='word_1_152' title='bbox 1602 1172 1653 1230; x_wconf 86' lang='lat' dir='ltr'>ltac</span> <span class='ocrx_word' id='word_1_153' title='bbox 1667 1176 1744 1230; x_wconf 90' lang='lat' dir='ltr'>utili·</span> 
     </span>
     <span class='ocr_line' id='line_1_12' title="bbox 81 1264 1746 1340; baseline -0.002 -14"><span class='ocrx_word' id='word_1_154' title='bbox 81 1269 187 1339; x_wconf 78' lang='lat' dir='ltr'>Accipe</span> <span class='ocrx_word' id='word_1_155' title='bbox 198 1282 281 1340; x_wconf 83' lang='lat' dir='ltr'>quam</span> <span class='ocrx_word' id='word_1_156' title='bbox 297 1269 356 1324; x_wconf 81' lang='lat' dir='ltr'>haeo</span> <span class='ocrx_word' id='word_1_157' title='bbox 377 1267 501 1325; x_wconf 83' lang='lat' dir='ltr'>utentbra</span> <span class='ocrx_word' id='word_1_158' title='bbox 526 1269 742 1326; x_wconf 69' lang='lat' dir='ltr'>ministeriorum</span> <span class='ocrx_word' id='word_1_159' title='bbox 764 1268 888 1325; x_wconf 80' lang='lat' dir='ltr'>membro</span> <span class='ocrx_word' id='word_1_160' title='bbox 940 1272 1024 1320; x_wconf 85' lang='lat' dir='ltr'>tatum</span> <span class='ocrx_word' id='word_1_161' title='bbox 1048 1266 1158 1321; x_wconf 87' lang='lat' dir='ltr'>datione</span> <span class='ocrx_word' id='word_1_162' title='bbox 1180 1264 1365 1321; x_wconf 79' lang='lat' dir='ltr'>manifestatio</span> <span class='ocrx_word' id='word_1_163' title='bbox 1383 1264 1502 1335; x_wconf 85' lang='lat' dir='ltr'>Spiritus</span> <span class='ocrx_word' id='word_1_164' title='bbox 1526 1267 1673 1321; x_wconf 81' lang='lat' dir='ltr'>mustituta</span> <span class='ocrx_word' id='word_1_165' title='bbox 1687 1268 1694 1322; x_wconf 87' lang='lat' dir='ltr'>l</span> <span class='ocrx_word' id='word_1_166' title='bbox 1708 1266 1746 1323; x_wconf 82' lang='lat' dir='ltr'>lit</span> 
     </span>
     <span class='ocr_line' id='line_1_13' title="bbox 80 1356 1745 1433; baseline -0.003 -14"><span class='ocrx_word' id='word_1_167' title='bbox 80 1363 277 1433; x_wconf 74' lang='lat' dir='ltr'>operationum</span> <span class='ocrx_word' id='word_1_168' title='bbox 292 1371 366 1427; x_wconf 80' lang='lat' dir='ltr'>tunt,</span> <span class='ocrx_word' id='word_1_169' title='bbox 378 1374 443 1416; x_wconf 81' lang='lat' dir='ltr'>num</span> <span class='ocrx_word' id='word_1_170' title='bbox 456 1361 513 1416; x_wconf 88' lang='lat' dir='ltr'>ait:</span> <span class='ocrx_word' id='word_1_171' title='bbox 533 1359 585 1416; x_wconf 85' lang='lat' dir='ltr'>l&#39;ot</span> <span class='ocrx_word' id='word_1_172' title='bbox 604 1363 666 1416; x_wconf 81' lang='lat' dir='ltr'>ertit</span> <span class='ocrx_word' id='word_1_173' title='bbox 681 1376 774 1431; x_wconf 82' lang='lat' dir='ltr'>corpur</span> <span class='ocrx_word' id='word_1_174' title='bbox 794 1358 890 1415; x_wconf 78' lang='lat' dir='ltr'>Cirirtt&#39;</span> <span class='ocrx_word' id='word_1_175' title='bbox 941 1356 1038 1413; x_wconf 92' lang='lat' dir='ltr'>merito</span> <span class='ocrx_word' id='word_1_176' title='bbox 1063 1359 1105 1413; x_wconf 90' lang='lat' dir='ltr'>itie</span> <span class='ocrx_word' id='word_1_177' title='bbox 1130 1358 1336 1414; x_wconf 83' lang='lat' dir='ltr'>dividendarum</span> <span class='ocrx_word' id='word_1_178' title='bbox 1358 1358 1506 1430; x_wconf 75' lang='lat' dir='ltr'>gratiarnm</span> <span class='ocrx_word' id='word_1_179' title='bbox 1527 1359 1596 1414; x_wconf 91' lang='lat' dir='ltr'>ordo</span> <span class='ocrx_word' id='word_1_180' title='bbox 1621 1367 1745 1415; x_wconf 81' lang='lat' dir='ltr'>serratus</span> 
     </span>
     <span class='ocr_line' id='line_1_14' title="bbox 79 1450 1744 1527; baseline -0.002 -17"><span class='ocrx_word' id='word_1_181' title='bbox 79 1466 109 1510; x_wconf 81' lang='lat' dir='ltr'>et</span> <span class='ocrx_word' id='word_1_182' title='bbox 122 1454 246 1510; x_wconf 63' lang='lat' dir='ltr'>membro.</span> <span class='ocrx_word' id='word_1_183' title='bbox 260 1451 295 1507; x_wconf 79' lang='lat' dir='ltr'>Et</span> <span class='ocrx_word' id='word_1_184' title='bbox 310 1454 436 1523; x_wconf 77' lang='lat' dir='ltr'>quoidam</span> <span class='ocrx_word' id='word_1_185' title='bbox 449 1456 552 1525; x_wconf 80' lang='lat' dir='ltr'>quidem</span> <span class='ocrx_word' id='word_1_186' title='bbox 565 1455 652 1527; x_wconf 82' lang='lat' dir='ltr'>posuit</span> <span class='ocrx_word' id='word_1_187' title='bbox 667 1453 737 1508; x_wconf 78' lang='lat' dir='ltr'>lieet</span> <span class='ocrx_word' id='word_1_188' title='bbox 753 1455 782 1508; x_wconf 91' lang='lat' dir='ltr'>in</span> <span class='ocrx_word' id='word_1_189' title='bbox 800 1452 891 1508; x_wconf 78' lang='lat' dir='ltr'>Eccle-</span> <span class='ocrx_word' id='word_1_190' title='bbox 940 1460 994 1515; x_wconf 82' lang='lat' dir='ltr'>ost,</span> <span class='ocrx_word' id='word_1_191' title='bbox 1011 1456 1040 1505; x_wconf 90' lang='lat' dir='ltr'>ut</span> <span class='ocrx_word' id='word_1_192' title='bbox 1053 1450 1211 1521; x_wconf 87' lang='lat' dir='ltr'>principalis</span> <span class='ocrx_word' id='word_1_193' title='bbox 1228 1461 1302 1506; x_wconf 87' lang='lat' dir='ltr'>essct</span> <span class='ocrx_word' id='word_1_194' title='bbox 1315 1466 1406 1507; x_wconf 89' lang='lat' dir='ltr'>sermo</span> <span class='ocrx_word' id='word_1_195' title='bbox 1422 1452 1581 1522; x_wconf 81' lang='lat' dir='ltr'>sapientiae;</span> <span class='ocrx_word' id='word_1_196' title='bbox 1596 1468 1661 1509; x_wconf 82' lang='lat' dir='ltr'>uere</span> <span class='ocrx_word' id='word_1_197' title='bbox 1672 1454 1744 1509; x_wconf 87' lang='lat' dir='ltr'>eoitn</span> 
     </span>
     <span class='ocr_line' id='line_1_15' title="bbox 80 1540 1746 1618; baseline -0.001 -17"><span class='ocrx_word' id='word_1_198' title='bbox 80 1547 138 1611; x_wconf 79' lang='lat' dir='ltr'>niu,</span> <span class='ocrx_word' id='word_1_199' title='bbox 158 1547 269 1618; x_wconf 71' lang='lat' dir='ltr'>prim</span> <span class='ocrx_word' id='word_1_200' title='bbox 284 1546 420 1618; x_wconf 73' lang='lat' dir='ltr'>Apostolos</span> <span class='ocrx_word' id='word_1_201' title='bbox 433 1545 528 1618; x_wconf 69' lang='lat' dir='ltr'>(iiim,</span> <span class='ocrx_word' id='word_1_202' title='bbox 543 1547 589 1616; x_wconf 72' lang='lat' dir='ltr'>tt,</span> <span class='ocrx_word' id='word_1_203' title='bbox 605 1546 671 1617; x_wconf 74' lang='lat'>28),</span> <span class='ocrx_word' id='word_1_204' title='bbox 686 1549 713 1601; x_wconf 89' lang='lat' dir='ltr'>in</span> <span class='ocrx_word' id='word_1_205' title='bbox 737 1547 836 1617; x_wconf 82' lang='lat' dir='ltr'>quibus</span> <span class='ocrx_word' id='word_1_206' title='bbox 848 1550 892 1603; x_wconf 81' lang='lat' dir='ltr'>est</span> <span class='ocrx_word' id='word_1_207' title='bbox 941 1540 1006 1596; x_wconf 91' lang='lat' dir='ltr'>illud</span> <span class='ocrx_word' id='word_1_208' title='bbox 1019 1548 1070 1609; x_wconf 89' lang='lat' dir='ltr'>est,</span> <span class='ocrx_word' id='word_1_209' title='bbox 1088 1540 1122 1597; x_wconf 83' lang='lat' dir='ltr'>Et</span> <span class='ocrx_word' id='word_1_210' title='bbox 1135 1560 1209 1598; x_wconf 80' lang='lat' dir='ltr'>neruo</span> <span class='ocrx_word' id='word_1_211' title='bbox 1224 1552 1305 1612; x_wconf 84' lang='lat' dir='ltr'>potest</span> <span class='ocrx_word' id='word_1_212' title='bbox 1318 1543 1404 1599; x_wconf 82' lang='lat' dir='ltr'>dicere</span> <span class='ocrx_word' id='word_1_213' title='bbox 1418 1541 1558 1598; x_wconf 84' lang='lat' dir='ltr'>Douriuunt</span> <span class='ocrx_word' id='word_1_214' title='bbox 1571 1542 1674 1614; x_wconf 82' lang='lat' dir='ltr'>letum,</span> <span class='ocrx_word' id='word_1_215' title='bbox 1696 1545 1746 1600; x_wconf 89' lang='lat' dir='ltr'>nirt&#39;</span> 
     </span>
     <span class='ocr_line' id='line_1_16' title="bbox 79 1632 1746 1712; baseline 0.001 -21"><span class='ocrx_word' id='word_1_216' title='bbox 79 1639 199 1696; x_wconf 74' lang='lat' dir='ltr'>verbnm</span> <span class='ocrx_word' id='word_1_217' title='bbox 212 1638 371 1710; x_wconf 49' lang='lat' dir='ltr'>sapientia</span> <span class='ocrx_word' id='word_1_218' title='bbox 394 1640 506 1695; x_wconf 64' lang='lat' dir='ltr'>nando</span> <span class='ocrx_word' id='word_1_219' title='bbox 521 1641 670 1712; x_wconf 60' lang='lat' dir='ltr'>propitum,</span> <span class='ocrx_word' id='word_1_220' title='bbox 685 1640 712 1696; x_wconf 85' lang='lat' dir='ltr'>in</span> <span class='ocrx_word' id='word_1_221' title='bbox 727 1640 825 1710; x_wconf 72' lang='lat' dir='ltr'>quibus</span> <span class='ocrx_word' id='word_1_222' title='bbox 846 1647 890 1695; x_wconf 74' lang='lat' dir='ltr'>eet</span> <span class='ocrx_word' id='word_1_223' title='bbox 940 1633 968 1687; x_wconf 86' lang='lat' dir='ltr'>t&#39;n</span> <span class='ocrx_word' id='word_1_224' title='bbox 982 1632 1084 1702; x_wconf 80' lang='lat' dir='ltr'>Spiritu</span> <span class='ocrx_word' id='word_1_225' title='bbox 1097 1645 1185 1690; x_wconf 81' lang='lat' dir='ltr'>nuncto</span> <span class='ocrx_word' id='word_1_226' title='bbox 1197 1633 1219 1706; x_wconf 91' lang='grc' dir='ltr'>(Ι</span> <span class='ocrx_word' id='word_1_227' title='bbox 1231 1632 1290 1689; x_wconf 86' lang='lat' dir='ltr'>Cor.</span> <span class='ocrx_word' id='word_1_228' title='bbox 1308 1651 1353 1701; x_wconf 84' lang='lat' dir='ltr'>tttt,</span> <span class='ocrx_word' id='word_1_229' title='bbox 1370 1637 1409 1706; x_wconf 74' lang='lat'>3),</span> <span class='ocrx_word' id='word_1_230' title='bbox 1425 1636 1487 1706; x_wconf 89' lang='lat' dir='ltr'>quia</span> <span class='ocrx_word' id='word_1_231' title='bbox 1511 1634 1551 1708; x_wconf 81' lang='lat' dir='ltr'>(q)</span> <span class='ocrx_word' id='word_1_232' title='bbox 1565 1636 1616 1691; x_wconf 90' lang='lat' dir='ltr'>nisi</span> <span class='ocrx_word' id='word_1_233' title='bbox 1631 1652 1679 1705; x_wconf 88' lang='lat' dir='ltr'>per</span> <span class='ocrx_word' id='word_1_234' title='bbox 1694 1634 1746 1693; x_wconf 89' lang='lat' dir='ltr'>ltoc</span> 
     </span>
     <span class='ocr_line' id='line_1_17' title="bbox 80 1727 1746 1807; baseline -0.001 -18"><span class='ocrx_word' id='word_1_235' title='bbox 80 1732 188 1789; x_wconf 83' lang='lat' dir='ltr'>donant</span> <span class='ocrx_word' id='word_1_236' title='bbox 201 1734 339 1797; x_wconf 70' lang='lat' dir='ltr'>scientie:</span> <span class='ocrx_word' id='word_1_237' title='bbox 355 1734 431 1788; x_wconf 80' lang='lat' dir='ltr'>tertio</span> <span class='ocrx_word' id='word_1_238' title='bbox 452 1734 598 1807; x_wconf 75' lang='lat' dir='ltr'>moqirtror,</span> <span class='ocrx_word' id='word_1_239' title='bbox 615 1734 642 1788; x_wconf 92' lang='lat' dir='ltr'>in</span> <span class='ocrx_word' id='word_1_240' title='bbox 656 1733 755 1803; x_wconf 79' lang='lat' dir='ltr'>quinus</span> <span class='ocrx_word' id='word_1_241' title='bbox 767 1742 810 1788; x_wconf 82' lang='lat' dir='ltr'>est</span> <span class='ocrx_word' id='word_1_242' title='bbox 824 1732 890 1788; x_wconf 84' lang='lat' dir='ltr'>doc·</span> <span class='ocrx_word' id='word_1_243' title='bbox 905 1727 1210 1797; x_wconf 56' lang='lat' dir='ltr'>:sapientissimorum</span> <span class='ocrx_word' id='word_1_244' title='bbox 1225 1727 1350 1785; x_wconf 85' lang='lat' dir='ltr'>Christus</span> <span class='ocrx_word' id='word_1_245' title='bbox 1370 1728 1503 1784; x_wconf 87' lang='lat' dir='ltr'>Dominus</span> <span class='ocrx_word' id='word_1_246' title='bbox 1519 1747 1572 1785; x_wconf 90' lang='lat' dir='ltr'>uun</span> <span class='ocrx_word' id='word_1_247' title='bbox 1586 1741 1679 1800; x_wconf 91' lang='lat' dir='ltr'>posset</span> <span class='ocrx_word' id='word_1_248' title='bbox 1702 1730 1746 1787; x_wconf 89' lang='lat' dir='ltr'>in·</span> 
     </span>
     <span class='ocr_line' id='line_1_18' title="bbox 80 1819 1748 1900; baseline -0.005 -13"><span class='ocrx_word' id='word_1_249' title='bbox 80 1829 157 1887; x_wconf 70' lang='lat' dir='ltr'>ulna</span> <span class='ocrx_word' id='word_1_250' title='bbox 172 1830 254 1895; x_wconf 61' lang='lat' dir='ltr'>taem</span> <span class='ocrx_word' id='word_1_251' title='bbox 270 1828 363 1884; x_wconf 73' lang='lat' dir='ltr'>deinde</span> <span class='ocrx_word' id='word_1_252' title='bbox 376 1829 497 1894; x_wconf 83' lang='lat' dir='ltr'>rirttttrr,</span> <span class='ocrx_word' id='word_1_253' title='bbox 510 1830 536 1883; x_wconf 93' lang='lat' dir='ltr'>iu</span> <span class='ocrx_word' id='word_1_254' title='bbox 549 1829 648 1900; x_wconf 88' lang='lat' dir='ltr'>quibus</span> <span class='ocrx_word' id='word_1_255' title='bbox 668 1838 731 1883; x_wconf 90' lang='lat' dir='ltr'>sunt</span> <span class='ocrx_word' id='word_1_256' title='bbox 745 1828 891 1882; x_wconf 66' lang='lat' dir='ltr'>retentiones</span> <span class='ocrx_word' id='word_1_257' title='bbox 944 1819 1040 1890; x_wconf 81' lang='lat' dir='ltr'>telligi,</span> <span class='ocrx_word' id='word_1_258' title='bbox 1054 1829 1109 1876; x_wconf 89' lang='lat' dir='ltr'>tutu</span> <span class='ocrx_word' id='word_1_259' title='bbox 1122 1819 1220 1877; x_wconf 91' lang='lat' dir='ltr'>deinde</span> <span class='ocrx_word' id='word_1_260' title='bbox 1239 1836 1355 1890; x_wconf 86' lang='lat' dir='ltr'>sequeus</span> <span class='ocrx_word' id='word_1_261' title='bbox 1368 1831 1441 1878; x_wconf 88' lang='lat' dir='ltr'>esset</span> <span class='ocrx_word' id='word_1_262' title='bbox 1460 1838 1551 1877; x_wconf 75' lang='lat' dir='ltr'>sot-mo</span> <span class='ocrx_word' id='word_1_263' title='bbox 1564 1820 1702 1889; x_wconf 55' lang='lat' dir='ltr'>scientim</span> <span class='ocrx_word' id='word_1_264' title='bbox 1718 1833 1748 1879; x_wconf 91' lang='lat' dir='ltr'>ut</span> 
     </span>
     <span class='ocr_line' id='line_1_19' title="bbox 80 1911 1748 1994; baseline -0.004 -15"><span class='ocrx_word' id='word_1_265' title='bbox 80 1923 286 1993; x_wconf 66' lang='lat' dir='ltr'>infirmitatum,</span> <span class='ocrx_word' id='word_1_266' title='bbox 297 1922 606 1992; x_wconf 62' lang='lat' dir='ltr'>moderaminum,</span> <span class='ocrx_word' id='word_1_267' title='bbox 617 1921 812 1994; x_wconf 73' lang='lat' dir='ltr'>priunrtioner</span> <span class='ocrx_word' id='word_1_268' title='bbox 827 1936 890 1992; x_wconf 89' lang='lat' dir='ltr'>pro·</span> <span class='ocrx_word' id='word_1_269' title='bbox 943 1911 1014 1986; x_wconf 90' lang='lat' dir='ltr'>quod</span> <span class='ocrx_word' id='word_1_270' title='bbox 1037 1914 1175 1984; x_wconf 86' lang='lat' dir='ltr'>sapimus,</span> <span class='ocrx_word' id='word_1_271' title='bbox 1200 1914 1318 1971; x_wconf 88' lang='lat' dir='ltr'>solenter</span> <span class='ocrx_word' id='word_1_272' title='bbox 1341 1913 1496 1986; x_wconf 78' lang='lat' dir='ltr'>loquamur,</span> <span class='ocrx_word' id='word_1_273' title='bbox 1513 1915 1551 1970; x_wconf 88' lang='lat' dir='ltr'>ita</span> <span class='ocrx_word' id='word_1_274' title='bbox 1568 1925 1596 1971; x_wconf 91' lang='lat' dir='ltr'>ut</span> <span class='ocrx_word' id='word_1_275' title='bbox 1610 1915 1748 1987; x_wconf 82' lang='lat' dir='ltr'>sapiamus</span> 
     </span>
     <span class='ocr_line' id='line_1_20' title="bbox 80 2007 1746 2088; baseline -0.004 -18"><span class='ocrx_word' id='word_1_276' title='bbox 80 2015 219 2088; x_wconf 77' lang='lat' dir='ltr'>pincentes,</span> <span class='ocrx_word' id='word_1_277' title='bbox 237 2026 265 2073; x_wconf 90' lang='lat' dir='ltr'>et</span> <span class='ocrx_word' id='word_1_278' title='bbox 278 2015 317 2088; x_wconf 83' lang='lat' dir='ltr'>(a)</span> <span class='ocrx_word' id='word_1_279' title='bbox 332 2015 404 2072; x_wconf 87' lang='lat' dir='ltr'>dona</span> <span class='ocrx_word' id='word_1_280' title='bbox 420 2032 514 2087; x_wconf 73' lang='lat' dir='ltr'>penora</span> <span class='ocrx_word' id='word_1_281' title='bbox 531 2016 680 2087; x_wconf 78' lang='lat' dir='ltr'>linquerent</span> <span class='ocrx_word' id='word_1_282' title='bbox 693 2016 738 2072; x_wconf 86' lang='lat' dir='ltr'>rol</span> <span class='ocrx_word' id='word_1_283' title='bbox 758 2016 889 2087; x_wconf 90' lang='lat' dir='ltr'>loquendi</span> <span class='ocrx_word' id='word_1_284' title='bbox 943 2009 1083 2081; x_wconf 80' lang='lat' dir='ltr'>supientiae</span> <span class='ocrx_word' id='word_1_285' title='bbox 1096 2008 1228 2064; x_wconf 83' lang='lat' dir='ltr'>terbum:</span> <span class='ocrx_word' id='word_1_286' title='bbox 1247 2008 1428 2064; x_wconf 88' lang='lat' dir='ltr'>tertiumtero</span> <span class='ocrx_word' id='word_1_287' title='bbox 1440 2007 1542 2063; x_wconf 88' lang='lat' dir='ltr'>duttuut</span> <span class='ocrx_word' id='word_1_288' title='bbox 1559 2010 1585 2065; x_wconf 89' lang='lat' dir='ltr'>io</span> <span class='ocrx_word' id='word_1_289' title='bbox 1597 2010 1746 2076; x_wconf 86' lang='lat' dir='ltr'>lideesset;</span> 
     </span>
     <span class='ocr_line' id='line_1_21' title="bbox 79 2101 1748 2180; baseline -0.004 -15"><span class='ocrx_word' id='word_1_290' title='bbox 79 2107 348 2180; x_wconf 77' lang='lat' dir='ltr'>reliutorpretandi.</span> <span class='ocrx_word' id='word_1_291' title='bbox 368 2106 451 2164; x_wconf 88' lang='lat' dir='ltr'>Certe</span> <span class='ocrx_word' id='word_1_292' title='bbox 466 2107 524 2162; x_wconf 79' lang='lat' dir='ltr'>inec</span> <span class='ocrx_word' id='word_1_293' title='bbox 548 2107 678 2163; x_wconf 79' lang='lat' dir='ltr'>Ecclesiae</span> <span class='ocrx_word' id='word_1_294' title='bbox 693 2117 720 2162; x_wconf 82' lang='lat' dir='ltr'>et</span> <span class='ocrx_word' id='word_1_295' title='bbox 740 2106 889 2162; x_wconf 76' lang='lat' dir='ltr'>ministeria</span> <span class='ocrx_word' id='word_1_296' title='bbox 947 2105 1010 2177; x_wconf 89' lang='lat' dir='ltr'>quia</span> <span class='ocrx_word' id='word_1_297' title='bbox 1027 2103 1071 2159; x_wconf 85' lang='lat' dir='ltr'>illa</span> <span class='ocrx_word' id='word_1_298' title='bbox 1086 2102 1677 2174; x_wconf 84' lang='lat' dir='ltr'>principaliaetsupcriorautititutemdoni.</span> <span class='ocrx_word' id='word_1_299' title='bbox 1695 2101 1748 2159; x_wconf 91' lang='lat' dir='ltr'>uisi</span> 
     </span>
     <span class='ocr_line' id='line_1_22' title="bbox 87 2193 1748 2271; baseline -0.002 -14"><span class='ocrx_word' id='word_1_300' title='bbox 87 2210 156 2257; x_wconf 74' lang='lat' dir='ltr'>unt</span> <span class='ocrx_word' id='word_1_301' title='bbox 169 2208 199 2256; x_wconf 88' lang='lat' dir='ltr'>et</span> <span class='ocrx_word' id='word_1_302' title='bbox 210 2203 395 2270; x_wconf 79' lang='lat' dir='ltr'>operationes,</span> <span class='ocrx_word' id='word_1_303' title='bbox 411 2200 437 2255; x_wconf 85' lang='lat' dir='ltr'>itt</span> <span class='ocrx_word' id='word_1_304' title='bbox 461 2199 558 2270; x_wconf 81' lang='lat' dir='ltr'>quilius</span> <span class='ocrx_word' id='word_1_305' title='bbox 569 2209 720 2269; x_wconf 84' lang='lat' dir='ltr'>estcorptts</span> <span class='ocrx_word' id='word_1_306' title='bbox 731 2200 851 2265; x_wconf 82' lang='lat' dir='ltr'>Citrirti;</span> <span class='ocrx_word' id='word_1_307' title='bbox 864 2207 893 2256; x_wconf 89' lang='lat' dir='ltr'>et</span> <span class='ocrx_word' id='word_1_308' title='bbox 944 2196 984 2271; x_wconf 84' lang='lat' dir='ltr'>(lt)</span> <span class='ocrx_word' id='word_1_309' title='bbox 999 2197 1070 2253; x_wconf 79' lang='lat' dir='ltr'>Deus</span> <span class='ocrx_word' id='word_1_310' title='bbox 1085 2195 1254 2259; x_wconf 86' lang='lat' dir='ltr'>crederetur.</span> <span class='ocrx_word' id='word_1_311' title='bbox 1270 2193 1426 2252; x_wconf 88' lang='lat' dir='ltr'>amitterent</span> <span class='ocrx_word' id='word_1_312' title='bbox 1443 2212 1452 2252; x_wconf 76' lang='grc' dir='ltr'><strong>ι</strong></span> <span class='ocrx_word' id='word_1_313' title='bbox 1470 2206 1497 2250; x_wconf 93' lang='lat' dir='ltr'>ut</span> <span class='ocrx_word' id='word_1_314' title='bbox 1521 2212 1593 2252; x_wconf 88' lang='lat' dir='ltr'>nuno</span> <span class='ocrx_word' id='word_1_315' title='bbox 1610 2195 1638 2251; x_wconf 90' lang='lat' dir='ltr'>itt</span> <span class='ocrx_word' id='word_1_316' title='bbox 1667 2195 1748 2267; x_wconf 81' lang='lat' dir='ltr'>liujus</span> 
     </span>
     <span class='ocr_line' id='line_1_23' title="bbox 86 2289 1746 2375; baseline -0.002 -26"><span class='ocrx_word' id='word_1_317' title='bbox 86 2299 152 2352; x_wconf 68' lang='lat' dir='ltr'>trac</span> <span class='ocrx_word' id='word_1_318' title='bbox 166 2295 239 2352; x_wconf 83' lang='lat' dir='ltr'>licus</span> <span class='ocrx_word' id='word_1_319' title='bbox 253 2298 357 2351; x_wconf 85' lang='lat' dir='ltr'>statuit.</span> <span class='ocrx_word' id='word_1_320' title='bbox 379 2294 435 2352; x_wconf 78' lang='lat' dir='ltr'>Aut</span> <span class='ocrx_word' id='word_1_321' title='bbox 456 2295 583 2364; x_wconf 81' lang='lat' dir='ltr'>protttere</span> <span class='ocrx_word' id='word_1_322' title='bbox 606 2309 660 2350; x_wconf 94' lang='lat' dir='ltr'>non</span> <span class='ocrx_word' id='word_1_323' title='bbox 686 2310 734 2364; x_wconf 88' lang='lat' dir='ltr'>per</span> <span class='ocrx_word' id='word_1_324' title='bbox 753 2293 891 2350; x_wconf 79' lang='lat' dir='ltr'>Citristutn</span> <span class='ocrx_word' id='word_1_325' title='bbox 943 2293 1052 2349; x_wconf 81' lang='lat' dir='ltr'>moritui</span> <span class='ocrx_word' id='word_1_326' title='bbox 1066 2301 1093 2348; x_wconf 92' lang='lat' dir='ltr'>et</span> <span class='ocrx_word' id='word_1_327' title='bbox 1108 2290 1282 2363; x_wconf 81' lang='lat' dir='ltr'>pulcherrimi</span> <span class='ocrx_word' id='word_1_328' title='bbox 1298 2289 1363 2347; x_wconf 90' lang='lat' dir='ltr'>dicti</span> <span class='ocrx_word' id='word_1_329' title='bbox 1384 2291 1527 2375; x_wconf 63' lang='lat' dir='ltr'>apostolici</span> <span class='ocrx_word' id='word_1_330' title='bbox 1553 2302 1746 2360; x_wconf 79' lang='lat' dir='ltr'>sacramento,</span> 
     </span>
     <span class='ocr_line' id='line_1_24' title="bbox 82 2384 1746 2459; baseline -0.001 -14"><span class='ocrx_word' id='word_1_331' title='bbox 82 2398 198 2457; x_wconf 80' lang='lat' dir='ltr'>statuta,</span> <span class='ocrx_word' id='word_1_332' title='bbox 224 2391 285 2459; x_wconf 89' lang='lat' dir='ltr'>quia</span> <span class='ocrx_word' id='word_1_333' title='bbox 300 2404 332 2445; x_wconf 82' lang='lat' dir='ltr'>cu</span> <span class='ocrx_word' id='word_1_334' title='bbox 348 2390 418 2444; x_wconf 81' lang='lat' dir='ltr'>[leus</span> <span class='ocrx_word' id='word_1_335' title='bbox 432 2388 536 2443; x_wconf 81' lang='lat' dir='ltr'>statuit.</span> <span class='ocrx_word' id='word_1_336' title='bbox 559 2387 614 2444; x_wconf 87' lang='lat' dir='ltr'>Sed</span> <span class='ocrx_word' id='word_1_337' title='bbox 633 2387 728 2443; x_wconf 79' lang='lat' dir='ltr'>audies</span> <span class='ocrx_word' id='word_1_338' title='bbox 743 2388 831 2457; x_wconf 86' lang='lat' dir='ltr'>ipsunt</span> <span class='ocrx_word' id='word_1_339' title='bbox 845 2387 891 2443; x_wconf 86' lang='lat' dir='ltr'>tli-</span> <span class='ocrx_word' id='word_1_340' title='bbox 944 2385 1078 2443; x_wconf 78' lang='lat' dir='ltr'>haereticis</span> <span class='ocrx_word' id='word_1_341' title='bbox 1094 2386 1220 2442; x_wconf 84' lang='lat' dir='ltr'>otttttiltus</span> <span class='ocrx_word' id='word_1_342' title='bbox 1241 2399 1291 2442; x_wconf 90' lang='lat' dir='ltr'>uec</span> <span class='ocrx_word' id='word_1_343' title='bbox 1311 2387 1424 2441; x_wconf 82' lang='lat' dir='ltr'>verbum</span> <span class='ocrx_word' id='word_1_344' title='bbox 1447 2384 1590 2454; x_wconf 72' lang='lat' dir='ltr'>supientiae</span> <span class='ocrx_word' id='word_1_345' title='bbox 1611 2398 1671 2453; x_wconf 83' lang='lat' dir='ltr'>est,</span> <span class='ocrx_word' id='word_1_346' title='bbox 1694 2402 1746 2443; x_wconf 90' lang='lat' dir='ltr'>nec</span> 
     </span>
     <span class='ocr_line' id='line_1_25' title="bbox 83 2476 1749 2553; baseline -0.002 -14"><span class='ocrx_word' id='word_1_347' title='bbox 83 2492 196 2540; x_wconf 82' lang='lat' dir='ltr'>centem</span> <span class='ocrx_word' id='word_1_348' title='bbox 212 2500 219 2536; x_wconf 74' lang='grc' dir='ltr'>ε</span> <span class='ocrx_word' id='word_1_349' title='bbox 236 2480 380 2549; x_wconf 78' lang='lat' dir='ltr'>Unicuique</span> <span class='ocrx_word' id='word_1_350' title='bbox 393 2490 478 2536; x_wconf 78' lang='lat' dir='ltr'>utitem</span> <span class='ocrx_word' id='word_1_351' title='bbox 492 2489 610 2535; x_wconf 81' lang='lat' dir='ltr'>nostrum</span> <span class='ocrx_word' id='word_1_352' title='bbox 624 2480 686 2535; x_wconf 89' lang='lat' dir='ltr'>duta</span> <span class='ocrx_word' id='word_1_353' title='bbox 700 2489 737 2534; x_wconf 85' lang='lat' dir='ltr'>ert</span> <span class='ocrx_word' id='word_1_354' title='bbox 751 2482 837 2553; x_wconf 79' lang='lat' dir='ltr'>qratia</span> <span class='ocrx_word' id='word_1_355' title='bbox 850 2498 892 2536; x_wconf 86' lang='lat' dir='ltr'>te·</span> <span class='ocrx_word' id='word_1_356' title='bbox 943 2493 1033 2534; x_wconf 85' lang='lat' dir='ltr'>sertno</span> <span class='ocrx_word' id='word_1_357' title='bbox 1048 2477 1189 2543; x_wconf 83' lang='lat' dir='ltr'>scientiae,</span> <span class='ocrx_word' id='word_1_358' title='bbox 1206 2493 1257 2534; x_wconf 85' lang='lat' dir='ltr'>trec</span> <span class='ocrx_word' id='word_1_359' title='bbox 1272 2476 1411 2548; x_wconf 72' lang='lat' dir='ltr'>religionis</span> <span class='ocrx_word' id='word_1_360' title='bbox 1424 2476 1492 2534; x_wconf 81' lang='lat' dir='ltr'>tides</span> <span class='ocrx_word' id='word_1_361' title='bbox 1503 2493 1511 2540; x_wconf 86' lang='grc'><strong>;</strong></span> <span class='ocrx_word' id='word_1_362' title='bbox 1524 2478 1586 2549; x_wconf 89' lang='lat' dir='ltr'>quia</span> <span class='ocrx_word' id='word_1_363' title='bbox 1605 2477 1749 2550; x_wconf 74' lang='lat' dir='ltr'>lutplctaS,</span> 
     </span>
     <span class='ocr_line' id='line_1_26' title="bbox 83 2570 1750 2644; baseline -0.001 -14"><span class='ocrx_word' id='word_1_364' title='bbox 83 2576 201 2630; x_wconf 81' lang='lat' dir='ltr'>curidum</span> <span class='ocrx_word' id='word_1_365' title='bbox 216 2590 364 2630; x_wconf 81' lang='lat' dir='ltr'>neruorum</span> <span class='ocrx_word' id='word_1_366' title='bbox 377 2574 523 2628; x_wconf 80' lang='lat' dir='ltr'>deuotionis</span> <span class='ocrx_word' id='word_1_367' title='bbox 533 2572 638 2628; x_wconf 80' lang='lat' dir='ltr'>Citrirti.</span> <span class='ocrx_word' id='word_1_368' title='bbox 655 2572 688 2629; x_wconf 84' lang='lat' dir='ltr'>Et</span> <span class='ocrx_word' id='word_1_369' title='bbox 702 2574 820 2631; x_wconf 87' lang='lat' dir='ltr'>iterum:</span> <span class='ocrx_word' id='word_1_370' title='bbox 840 2574 892 2644; x_wconf 82' lang='lat' dir='ltr'>Qui</span> <span class='ocrx_word' id='word_1_371' title='bbox 943 2585 1003 2642; x_wconf 73' lang='lat' dir='ltr'>quse</span> <span class='ocrx_word' id='word_1_372' title='bbox 1017 2585 1072 2626; x_wconf 93' lang='lat' dir='ltr'>nott</span> <span class='ocrx_word' id='word_1_373' title='bbox 1087 2571 1160 2642; x_wconf 89' lang='lat' dir='ltr'>capit</span> <span class='ocrx_word' id='word_1_374' title='bbox 1175 2570 1393 2639; x_wconf 75' lang='lat' dir='ltr'>intelligentiam,</span> <span class='ocrx_word' id='word_1_375' title='bbox 1411 2579 1489 2625; x_wconf 83' lang='lat' dir='ltr'>extra</span> <span class='ocrx_word' id='word_1_376' title='bbox 1504 2573 1643 2628; x_wconf 89' lang='lat' dir='ltr'>sermonis</span> <span class='ocrx_word' id='word_1_377' title='bbox 1658 2573 1750 2629; x_wconf 90' lang='lat' dir='ltr'>scieu-</span> 
     </span>
     <span class='ocr_line' id='line_1_27' title="bbox 84 2660 1751 2740; baseline -0.001 -18"><span class='ocrx_word' id='word_1_378' title='bbox 84 2668 234 2735; x_wconf 83' lang='lat' dir='ltr'>detrendit,</span> <span class='ocrx_word' id='word_1_379' title='bbox 247 2669 303 2738; x_wconf 84' lang='lat' dir='ltr'>ipre</span> <span class='ocrx_word' id='word_1_380' title='bbox 316 2678 353 2723; x_wconf 89' lang='lat' dir='ltr'>est</span> <span class='ocrx_word' id='word_1_381' title='bbox 367 2668 409 2740; x_wconf 88' lang='lat' dir='ltr'>qui</span> <span class='ocrx_word' id='word_1_382' title='bbox 424 2677 448 2723; x_wconf 88' lang='lat' dir='ltr'>et</span> <span class='ocrx_word' id='word_1_383' title='bbox 467 2667 581 2722; x_wconf 78' lang='lat' dir='ltr'>ascendit</span> <span class='ocrx_word' id='word_1_384' title='bbox 593 2683 671 2735; x_wconf 84' lang='lat' dir='ltr'>super</span> <span class='ocrx_word' id='word_1_385' title='bbox 689 2685 777 2724; x_wconf 85' lang='lat' dir='ltr'>ontnes</span> <span class='ocrx_word' id='word_1_386' title='bbox 796 2670 890 2736; x_wconf 85' lang='lat' dir='ltr'>coelor,</span> <span class='ocrx_word' id='word_1_387' title='bbox 943 2663 1007 2718; x_wconf 86' lang='lat' dir='ltr'>tiam</span> <span class='ocrx_word' id='word_1_388' title='bbox 1022 2670 1051 2718; x_wconf 85' lang='lat' dir='ltr'>et</span> <span class='ocrx_word' id='word_1_389' title='bbox 1062 2673 1138 2718; x_wconf 83' lang='lat' dir='ltr'>extra</span> <span class='ocrx_word' id='word_1_390' title='bbox 1152 2661 1353 2731; x_wconf 87' lang='lat' dir='ltr'>simplieitatem</span> <span class='ocrx_word' id='word_1_391' title='bbox 1368 2660 1430 2718; x_wconf 84' lang='lat' dir='ltr'>ltdei</span> <span class='ocrx_word' id='word_1_392' title='bbox 1446 2672 1498 2718; x_wconf 89' lang='lat' dir='ltr'>est.</span> <span class='ocrx_word' id='word_1_393' title='bbox 1516 2661 1574 2719; x_wconf 87' lang='lat' dir='ltr'>Nec</span> <span class='ocrx_word' id='word_1_394' title='bbox 1588 2665 1661 2720; x_wconf 84' lang='lat' dir='ltr'>euin</span> <span class='ocrx_word' id='word_1_395' title='bbox 1676 2664 1751 2736; x_wconf 89' lang='lat' dir='ltr'>quis·</span> 
     </span>
     <span class='ocr_line' id='line_1_28' title="bbox 84 2757 1749 2833; baseline 0.004 -19"><span class='ocrx_word' id='word_1_396' title='bbox 84 2769 118 2814; x_wconf 86' lang='lat' dir='ltr'>ut</span> <span class='ocrx_word' id='word_1_397' title='bbox 131 2760 271 2830; x_wconf 83' lang='lat' dir='ltr'>adimplent</span> <span class='ocrx_word' id='word_1_398' title='bbox 284 2761 380 2813; x_wconf 86' lang='lat' dir='ltr'>ontnio.</span> <span class='ocrx_word' id='word_1_399' title='bbox 402 2758 436 2815; x_wconf 83' lang='lat' dir='ltr'>Et</span> <span class='ocrx_word' id='word_1_400' title='bbox 444 2761 500 2830; x_wconf 87' lang='lat' dir='ltr'>ipse</span> <span class='ocrx_word' id='word_1_401' title='bbox 514 2759 584 2814; x_wconf 84' lang='lat' dir='ltr'>dedit</span> <span class='ocrx_word' id='word_1_402' title='bbox 601 2759 723 2831; x_wconf 78' lang='lat' dir='ltr'>quondum</span> <span class='ocrx_word' id='word_1_403' title='bbox 736 2760 891 2830; x_wconf 79' lang='lat' dir='ltr'>Apostolos,</span> <span class='ocrx_word' id='word_1_404' title='bbox 943 2774 1024 2830; x_wconf 88' lang='lat' dir='ltr'>quatu</span> <span class='ocrx_word' id='word_1_405' title='bbox 1038 2760 1109 2831; x_wconf 90' lang='lat' dir='ltr'>quod</span> <span class='ocrx_word' id='word_1_406' title='bbox 1126 2775 1178 2815; x_wconf 91' lang='lat' dir='ltr'>uon</span> <span class='ocrx_word' id='word_1_407' title='bbox 1195 2759 1275 2829; x_wconf 86' lang='lat' dir='ltr'>sapit,</span> <span class='ocrx_word' id='word_1_408' title='bbox 1295 2757 1414 2830; x_wconf 90' lang='lat' dir='ltr'>loquitur</span> <span class='ocrx_word' id='word_1_409' title='bbox 1432 2778 1439 2814; x_wconf 94' lang='lat'><strong>:</strong></span> <span class='ocrx_word' id='word_1_410' title='bbox 1456 2776 1506 2816; x_wconf 91' lang='lat' dir='ltr'>ttcc</span> <span class='ocrx_word' id='word_1_411' title='bbox 1518 2760 1589 2832; x_wconf 92' lang='lat' dir='ltr'>quod</span> <span class='ocrx_word' id='word_1_412' title='bbox 1603 2762 1676 2833; x_wconf 95' lang='lat' dir='ltr'>loqui</span> <span class='ocrx_word' id='word_1_413' title='bbox 1695 2780 1749 2820; x_wconf 91' lang='lat' dir='ltr'>uon</span> 
     </span>
     <span class='ocr_line' id='line_1_29' title="bbox 84 2848 1750 2928; baseline 0.005 -22"><span class='ocrx_word' id='word_1_414' title='bbox 84 2853 214 2923; x_wconf 76' lang='lat' dir='ltr'>quosdam</span> <span class='ocrx_word' id='word_1_415' title='bbox 224 2863 310 2907; x_wconf 81' lang='lat' dir='ltr'>autent</span> <span class='ocrx_word' id='word_1_416' title='bbox 323 2852 472 2925; x_wconf 78' lang='lat' dir='ltr'>prophetoe,</span> <span class='ocrx_word' id='word_1_417' title='bbox 485 2852 610 2921; x_wconf 84' lang='lat' dir='ltr'>quotdout</span> <span class='ocrx_word' id='word_1_418' title='bbox 622 2861 707 2907; x_wconf 82' lang='lat' dir='ltr'>autent</span> <span class='ocrx_word' id='word_1_419' title='bbox 719 2849 760 2925; x_wconf 79' lang='lat' dir='ltr'>(l)</span> <span class='ocrx_word' id='word_1_420' title='bbox 769 2852 807 2926; x_wconf 83' lang='lat' dir='ltr'>(i)</span> <span class='ocrx_word' id='word_1_421' title='bbox 819 2869 892 2908; x_wconf 80' lang='lat' dir='ltr'>coum</span> <span class='ocrx_word' id='word_1_422' title='bbox 946 2861 1043 2923; x_wconf 86' lang='lat' dir='ltr'>potest,</span> <span class='ocrx_word' id='word_1_423' title='bbox 1061 2860 1150 2923; x_wconf 85' lang='lat' dir='ltr'>potest</span> <span class='ocrx_word' id='word_1_424' title='bbox 1159 2852 1282 2908; x_wconf 88' lang='lat' dir='ltr'>credere.</span> <span class='ocrx_word' id='word_1_425' title='bbox 1293 2851 1381 2909; x_wconf 90' lang='lat' dir='ltr'>Unum</span> <span class='ocrx_word' id='word_1_426' title='bbox 1394 2854 1485 2925; x_wconf 88' lang='lat' dir='ltr'>itaque</span> <span class='ocrx_word' id='word_1_427' title='bbox 1498 2848 1585 2912; x_wconf 80' lang='lat' dir='ltr'>licum</span> <span class='ocrx_word' id='word_1_428' title='bbox 1601 2855 1750 2928; x_wconf 80' lang='lat' dir='ltr'>Apostolus</span> 
     </span>
     <span class='ocr_line' id='line_1_30' title="bbox 83 2944 1752 3023; baseline 0.005 -25"><span class='ocrx_word' id='word_1_429' title='bbox 83 2946 236 3018; x_wconf 72' lang='lat' dir='ltr'>peiizuutcr,</span> <span class='ocrx_word' id='word_1_430' title='bbox 250 2945 375 3016; x_wconf 87' lang='lat' dir='ltr'>quosdunt</span> <span class='ocrx_word' id='word_1_431' title='bbox 385 2954 472 3000; x_wconf 85' lang='lat' dir='ltr'>nutem</span> <span class='ocrx_word' id='word_1_432' title='bbox 483 2955 600 3015; x_wconf 81' lang='lat' dir='ltr'>portaret</span> <span class='ocrx_word' id='word_1_433' title='bbox 612 2953 635 2999; x_wconf 86' lang='lat' dir='ltr'>et</span> <span class='ocrx_word' id='word_1_434' title='bbox 647 2947 772 3009; x_wconf 81' lang='lat' dir='ltr'>doctores,</span> <span class='ocrx_word' id='word_1_435' title='bbox 785 2944 820 2999; x_wconf 84' lang='lat' dir='ltr'>od</span> <span class='ocrx_word' id='word_1_436' title='bbox 834 2961 893 3000; x_wconf 87' lang='lat' dir='ltr'>con·</span> <span class='ocrx_word' id='word_1_437' title='bbox 946 2945 1106 3013; x_wconf 69' lang='lat' dir='ltr'>praedicans,</span> <span class='ocrx_word' id='word_1_438' title='bbox 1124 2955 1150 3001; x_wconf 88' lang='lat' dir='ltr'>et</span> <span class='ocrx_word' id='word_1_439' title='bbox 1171 2961 1205 3001; x_wconf 85' lang='lat' dir='ltr'>ex</span> <span class='ocrx_word' id='word_1_440' title='bbox 1220 2944 1293 3016; x_wconf 77' lang='lat' dir='ltr'>Lege</span> <span class='ocrx_word' id='word_1_441' title='bbox 1316 2946 1442 3014; x_wconf 79' lang='lat' dir='ltr'>tettieus,</span> <span class='ocrx_word' id='word_1_442' title='bbox 1468 2958 1549 3019; x_wconf 90' lang='lat' dir='ltr'>atque</span> <span class='ocrx_word' id='word_1_443' title='bbox 1574 2949 1601 3004; x_wconf 94' lang='lat' dir='ltr'>in</span> <span class='ocrx_word' id='word_1_444' title='bbox 1626 2950 1752 3023; x_wconf 76' lang='lat' dir='ltr'>Evange-</span> 
     </span>
     <span class='ocr_line' id='line_1_31' title="bbox 84 3034 1750 3109; baseline 0.004 -17"><span class='ocrx_word' id='word_1_445' title='bbox 84 3038 285 3092; x_wconf 77' lang='lat' dir='ltr'>summationem</span> <span class='ocrx_word' id='word_1_446' title='bbox 302 3045 461 3103; x_wconf 75' lang='lat' dir='ltr'>sanctorum,</span> <span class='ocrx_word' id='word_1_447' title='bbox 477 3036 503 3090; x_wconf 88' lang='lat' dir='ltr'>iu</span> <span class='ocrx_word' id='word_1_448' title='bbox 515 3050 579 3104; x_wconf 80' lang='lat' dir='ltr'>opus</span> <span class='ocrx_word' id='word_1_449' title='bbox 589 3036 724 3090; x_wconf 84' lang='lat' dir='ltr'>otinitterii</span> <span class='ocrx_word' id='word_1_450' title='bbox 738 3034 847 3108; x_wconf 73' lang='lat' dir='ltr'>(apter.</span> <span class='ocrx_word' id='word_1_451' title='bbox 864 3051 890 3091; x_wconf 85' lang='lat' dir='ltr'>tt</span> <span class='ocrx_word' id='word_1_452' title='bbox 945 3037 1010 3091; x_wconf 89' lang='lat' dir='ltr'>lium</span> <span class='ocrx_word' id='word_1_453' title='bbox 1028 3035 1129 3092; x_wconf 89' lang='lat' dir='ltr'>Citristi</span> <span class='ocrx_word' id='word_1_454' title='bbox 1140 3049 1265 3106; x_wconf 78' lang='lat' dir='ltr'>vocatus,</span> <span class='ocrx_word' id='word_1_455' title='bbox 1277 3038 1405 3109; x_wconf 80' lang='lat' dir='ltr'>perlecta.</span> <span class='ocrx_word' id='word_1_456' title='bbox 1419 3038 1480 3095; x_wconf 90' lang='lat' dir='ltr'>lidei</span> <span class='ocrx_word' id='word_1_457' title='bbox 1497 3041 1584 3095; x_wconf 89' lang='lat' dir='ltr'>tenuit</span> <span class='ocrx_word' id='word_1_458' title='bbox 1597 3040 1750 3099; x_wconf 81' lang='lat' dir='ltr'>confessio·</span> 
     </span>
     <span class='ocr_line' id='line_1_32' title="bbox 83 3127 1746 3207; baseline 0.003 -21"><span class='ocrx_word' id='word_1_459' title='bbox 83 3130 118 3192; x_wconf 82' lang='lat' dir='ltr'>t.</span> <span class='ocrx_word' id='word_1_460' title='bbox 132 3131 178 3199; x_wconf 80' lang='lat' dir='ltr'>ld,</span> <span class='ocrx_word' id='word_1_461' title='bbox 190 3128 263 3200; x_wconf 78' lang='lat' dir='ltr'>ete).</span> <span class='ocrx_word' id='word_1_462' title='bbox 279 3129 413 3200; x_wconf 89' lang='lat' dir='ltr'>Numquid</span> <span class='ocrx_word' id='word_1_463' title='bbox 424 3127 636 3184; x_wconf 84' lang='lat' dir='ltr'>ministeriorum</span> <span class='ocrx_word' id='word_1_464' title='bbox 647 3128 716 3183; x_wconf 87' lang='lat' dir='ltr'>dona</span> <span class='ocrx_word' id='word_1_465' title='bbox 729 3145 781 3183; x_wconf 89' lang='lat' dir='ltr'>nott</span> <span class='ocrx_word' id='word_1_466' title='bbox 790 3127 890 3184; x_wconf 82' lang='lat' dir='ltr'>Christi</span> <span class='ocrx_word' id='word_1_467' title='bbox 945 3144 1017 3184; x_wconf 90' lang='lat' dir='ltr'>nem.</span> <span class='ocrx_word' id='word_1_468' title='bbox 1031 3127 1065 3183; x_wconf 85' lang='lat' dir='ltr'>Et</span> <span class='ocrx_word' id='word_1_469' title='bbox 1080 3144 1114 3186; x_wconf 92' lang='lat' dir='ltr'>ne</span> <span class='ocrx_word' id='word_1_470' title='bbox 1127 3129 1245 3200; x_wconf 84' lang='lat' dir='ltr'>aliquam</span> <span class='ocrx_word' id='word_1_471' title='bbox 1268 3129 1404 3185; x_wconf 84' lang='lat' dir='ltr'>ltaereticis</span> <span class='ocrx_word' id='word_1_472' title='bbox 1424 3131 1595 3189; x_wconf 83' lang='lat' dir='ltr'>occasionem</span> <span class='ocrx_word' id='word_1_473' title='bbox 1608 3143 1746 3207; x_wconf 84' lang='lat' dir='ltr'>tunquam</span> 
     </span>
     <span class='ocr_line' id='line_1_33' title="bbox 84 3219 1747 3292; baseline 0.004 -15"><span class='ocrx_word' id='word_1_474' title='bbox 84 3231 165 3288; x_wconf 79' lang='lat' dir='ltr'>sunt,</span> <span class='ocrx_word' id='word_1_475' title='bbox 182 3234 243 3276; x_wconf 87' lang='lat' dir='ltr'>cunt</span> <span class='ocrx_word' id='word_1_476' title='bbox 252 3228 348 3277; x_wconf 87' lang='lat' dir='ltr'>tamon</span> <span class='ocrx_word' id='word_1_477' title='bbox 364 3220 400 3291; x_wconf 86' lang='lat' dir='ltr'>(r)</span> <span class='ocrx_word' id='word_1_478' title='bbox 415 3230 442 3276; x_wconf 88' lang='lat' dir='ltr'>et</span> <span class='ocrx_word' id='word_1_479' title='bbox 456 3220 504 3275; x_wconf 81' lang='lat' dir='ltr'>liei</span> <span class='ocrx_word' id='word_1_480' title='bbox 521 3219 591 3275; x_wconf 87' lang='lat' dir='ltr'>dona</span> <span class='ocrx_word' id='word_1_481' title='bbox 605 3219 659 3275; x_wconf 92' lang='lat' dir='ltr'>sint</span> <span class='ocrx_word' id='word_1_482' title='bbox 671 3221 682 3275; x_wconf 87' lang='lat' dir='ltr'>i</span> <span class='ocrx_word' id='word_1_483' title='bbox 946 3220 1043 3275; x_wconf 89' lang='lat' dir='ltr'>incauti</span> <span class='ocrx_word' id='word_1_484' title='bbox 1055 3221 1189 3276; x_wconf 90' lang='lat' dir='ltr'>serutouis</span> <span class='ocrx_word' id='word_1_485' title='bbox 1200 3220 1361 3291; x_wconf 86' lang='lat' dir='ltr'>simplicitas</span> <span class='ocrx_word' id='word_1_486' title='bbox 1374 3233 1525 3292; x_wconf 77' lang='lat' dir='ltr'>protestatet,</span> <span class='ocrx_word' id='word_1_487' title='bbox 1538 3234 1567 3279; x_wconf 90' lang='lat' dir='ltr'>ut</span> <span class='ocrx_word' id='word_1_488' title='bbox 1578 3226 1747 3283; x_wconf 78' lang='lat' dir='ltr'>nativitatem</span> 
     </span>
    </p>

    <p class='ocr_par' dir='ltr' id='par_1_4' title="bbox 84 3309 1753 3855">
     <span class='ocr_line' id='line_1_34' title="bbox 124 3309 1751 3389; baseline 0.004 -17"><span class='ocrx_word' id='word_1_489' title='bbox 124 3315 172 3372; x_wconf 73' lang='lat' dir='ltr'>dl.</span> <span class='ocrx_word' id='word_1_490' title='bbox 195 3312 297 3370; x_wconf 83' lang='lat' dir='ltr'>Paulus</span> <span class='ocrx_word' id='word_1_491' title='bbox 315 3317 347 3369; x_wconf 88' lang='lat' dir='ltr'>de</span> <span class='ocrx_word' id='word_1_492' title='bbox 366 3311 447 3368; x_wconf 82' lang='lat' dir='ltr'>Putre</span> <span class='ocrx_word' id='word_1_493' title='bbox 462 3313 549 3367; x_wconf 85' lang='lat' dir='ltr'>dicens</span> <span class='ocrx_word' id='word_1_494' title='bbox 563 3309 647 3379; x_wconf 79' lang='lat' dir='ltr'>lidus,</span> <span class='ocrx_word' id='word_1_495' title='bbox 664 3313 695 3369; x_wconf 88' lang='lat' dir='ltr'>dc</span> <span class='ocrx_word' id='word_1_496' title='bbox 718 3311 790 3368; x_wconf 86' lang='lat' dir='ltr'>Filio</span> <span class='ocrx_word' id='word_1_497' title='bbox 808 3313 892 3370; x_wconf 87' lang='lat' dir='ltr'>Dout·</span> <span class='ocrx_word' id='word_1_498' title='bbox 946 3313 1007 3368; x_wconf 82' lang='lat' dir='ltr'>Filii</span> <span class='ocrx_word' id='word_1_499' title='bbox 1023 3329 1070 3384; x_wconf 87' lang='lat' dir='ltr'>per</span> <span class='ocrx_word' id='word_1_500' title='bbox 1084 3314 1163 3369; x_wconf 90' lang='lat' dir='ltr'>tutius</span> <span class='ocrx_word' id='word_1_501' title='bbox 1175 3314 1221 3370; x_wconf 80' lang='lat' dir='ltr'>liei</span> <span class='ocrx_word' id='word_1_502' title='bbox 1237 3314 1459 3386; x_wconf 84' lang='lat' dir='ltr'>praedicationem</span> <span class='ocrx_word' id='word_1_503' title='bbox 1484 3329 1616 3389; x_wconf 76' lang='lat' dir='ltr'>negarent</span> <span class='ocrx_word' id='word_1_504' title='bbox 1632 3336 1640 3386; x_wconf 83' lang='lat'><strong>;</strong></span> <span class='ocrx_word' id='word_1_505' title='bbox 1667 3337 1751 3378; x_wconf 88' lang='lat' dir='ltr'>unum</span> 
     </span>
     <span class='ocr_line' id='line_1_35' title="bbox 84 3404 1750 3484; baseline 0.004 -20"><span class='ocrx_word' id='word_1_506' title='bbox 84 3423 158 3477; x_wconf 77' lang='lat' dir='ltr'>trus,</span> <span class='ocrx_word' id='word_1_507' title='bbox 184 3423 235 3462; x_wconf 89' lang='lat' dir='ltr'>nort</span> <span class='ocrx_word' id='word_1_508' title='bbox 255 3407 375 3462; x_wconf 74' lang='lat' dir='ltr'>distinxit</span> <span class='ocrx_word' id='word_1_509' title='bbox 394 3422 437 3461; x_wconf 87' lang='lat' dir='ltr'>cot</span> <span class='ocrx_word' id='word_1_510' title='bbox 461 3415 565 3460; x_wconf 83' lang='lat' dir='ltr'>notura.</span> <span class='ocrx_word' id='word_1_511' title='bbox 585 3435 621 3448; x_wconf 88' lang='lat'>-</span> <span class='ocrx_word' id='word_1_512' title='bbox 634 3404 688 3461; x_wconf 85' lang='lat' dir='ltr'>Sed</span> <span class='ocrx_word' id='word_1_513' title='bbox 704 3405 744 3478; x_wconf 83' lang='lat' dir='ltr'>(d)</span> <span class='ocrx_word' id='word_1_514' title='bbox 759 3407 782 3462; x_wconf 95' lang='lat' dir='ltr'>si</span> <span class='ocrx_word' id='word_1_515' title='bbox 796 3406 821 3461; x_wconf 94' lang='lat' dir='ltr'>id</span> <span class='ocrx_word' id='word_1_516' title='bbox 841 3406 892 3464; x_wconf 84' lang='lat' dir='ltr'>sibi</span> <span class='ocrx_word' id='word_1_517' title='bbox 946 3407 1095 3465; x_wconf 79' lang='lat' dir='ltr'>llenrosult</span> <span class='ocrx_word' id='word_1_518' title='bbox 1109 3407 1285 3478; x_wconf 84' lang='lat' dir='ltr'>proprietatis</span> <span class='ocrx_word' id='word_1_519' title='bbox 1303 3409 1501 3478; x_wconf 70' lang='lat' dir='ltr'>significatione</span> <span class='ocrx_word' id='word_1_520' title='bbox 1525 3412 1669 3469; x_wconf 85' lang='lat' dir='ltr'>couiesstts</span> <span class='ocrx_word' id='word_1_521' title='bbox 1688 3424 1750 3484; x_wconf 87' lang='lat' dir='ltr'>est,</span> 
     </span>
     <span class='ocr_line' id='line_1_36' title="bbox 85 3498 1748 3574; baseline 0.003 -17"><span class='ocrx_word' id='word_1_522' title='bbox 85 3500 233 3574; x_wconf 84' lang='lat' dir='ltr'>usurparit</span> <span class='ocrx_word' id='word_1_523' title='bbox 247 3501 383 3570; x_wconf 82' lang='lat' dir='ltr'>impietas,</span> <span class='ocrx_word' id='word_1_524' title='bbox 410 3509 440 3555; x_wconf 94' lang='lat' dir='ltr'>ut</span> <span class='ocrx_word' id='word_1_525' title='bbox 458 3499 520 3571; x_wconf 90' lang='lat' dir='ltr'>quia</span> <span class='ocrx_word' id='word_1_526' title='bbox 544 3501 601 3566; x_wconf 88' lang='lat' dir='ltr'>ait,</span> <span class='ocrx_word' id='word_1_527' title='bbox 625 3500 691 3554; x_wconf 83' lang='lat' dir='ltr'>idcnt</span> <span class='ocrx_word' id='word_1_528' title='bbox 715 3498 842 3555; x_wconf 81' lang='lat' dir='ltr'>Dominus</span> <span class='ocrx_word' id='word_1_529' title='bbox 865 3510 892 3556; x_wconf 93' lang='lat' dir='ltr'>et</span> <span class='ocrx_word' id='word_1_530' title='bbox 946 3501 1039 3557; x_wconf 89' lang='lat' dir='ltr'>diceus</span> <span class='ocrx_word' id='word_1_531' title='bbox 1053 3501 1089 3555; x_wconf 90' lang='lat' dir='ltr'>ita</span> <span class='ocrx_word' id='word_1_532' title='bbox 1106 3517 1114 3553; x_wconf 75' lang='grc' dir='ltr'><strong><em>ε</em></strong></span> <span class='ocrx_word' id='word_1_533' title='bbox 1130 3498 1205 3555; x_wconf 76' lang='lat' dir='ltr'>deur</span> <span class='ocrx_word' id='word_1_534' title='bbox 1226 3498 1296 3554; x_wconf 78' lang='lat' dir='ltr'>iletre</span> <span class='ocrx_word' id='word_1_535' title='bbox 1310 3510 1422 3570; x_wconf 81' lang='lat' dir='ltr'>paterer</span> <span class='ocrx_word' id='word_1_536' title='bbox 1435 3505 1595 3572; x_wconf 71' lang='lat' dir='ltr'>procursio,</span> <span class='ocrx_word' id='word_1_537' title='bbox 1617 3516 1641 3561; x_wconf 88' lang='lat' dir='ltr'>et</span> <span class='ocrx_word' id='word_1_538' title='bbox 1660 3523 1708 3562; x_wconf 84' lang='lat' dir='ltr'>ror</span> <span class='ocrx_word' id='word_1_539' title='bbox 1720 3508 1748 3562; x_wconf 89' lang='lat' dir='ltr'>itt</span> 
     </span>
     <span class='ocr_line' id='line_1_37' title="bbox 84 3590 1753 3668; baseline 0.004 -17"><span class='ocrx_word' id='word_1_540' title='bbox 84 3590 356 3667; x_wconf 71' lang='lat' dir='ltr'>idemllmrllCor.</span> <span class='ocrx_word' id='word_1_541' title='bbox 374 3592 491 3662; x_wconf 84' lang='lat' dir='ltr'>tttt,li,</span> <span class='ocrx_word' id='word_1_542' title='bbox 517 3590 636 3661; x_wconf 81' lang='grc' dir='ltr'><strong>6),.ιιοιι</strong></span> <span class='ocrx_word' id='word_1_543' title='bbox 665 3595 766 3649; x_wconf 86' lang='lat' dir='ltr'>sintin</span> <span class='ocrx_word' id='word_1_544' title='bbox 788 3594 892 3651; x_wconf 86' lang='lat' dir='ltr'>unitate</span> <span class='ocrx_word' id='word_1_545' title='bbox 944 3594 1000 3665; x_wconf 81' lang='lat' dir='ltr'>ipro</span> <span class='ocrx_word' id='word_1_546' title='bbox 1015 3593 1036 3666; x_wconf 92' lang='grc' dir='ltr'>(Ι</span> <span class='ocrx_word' id='word_1_547' title='bbox 1049 3593 1110 3648; x_wconf 84' lang='lat' dir='ltr'>Gor.</span> <span class='ocrx_word' id='word_1_548' title='bbox 1122 3592 1226 3664; x_wconf 77' lang='grc' dir='ltr'><strong>ιιιι,6)</strong></span> <span class='ocrx_word' id='word_1_549' title='bbox 1244 3601 1293 3649; x_wconf 90' lang='lat' dir='ltr'>:ut</span> <span class='ocrx_word' id='word_1_550' title='bbox 1306 3595 1352 3664; x_wconf 88' lang='lat' dir='ltr'>qui</span> <span class='ocrx_word' id='word_1_551' title='bbox 1372 3595 1445 3650; x_wconf 84' lang='lat' dir='ltr'>lletts</span> <span class='ocrx_word' id='word_1_552' title='bbox 1457 3608 1508 3664; x_wconf 86' lang='lat' dir='ltr'>est,</span> <span class='ocrx_word' id='word_1_553' title='bbox 1524 3607 1551 3653; x_wconf 91' lang='lat' dir='ltr'>et</span> <span class='ocrx_word' id='word_1_554' title='bbox 1567 3607 1645 3668; x_wconf 82' lang='lat' dir='ltr'>puter</span> <span class='ocrx_word' id='word_1_555' title='bbox 1656 3600 1753 3658; x_wconf 84' lang='lat' dir='ltr'>erede·</span> 
     </span>
     <span class='ocr_line' id='line_1_38' title="bbox 85 3684 1751 3767; baseline 0.002 -22"><span class='ocrx_word' id='word_1_556' title='bbox 85 3701 218 3745; x_wconf 73' lang='lat' dir='ltr'>aarum:</span> <span class='ocrx_word' id='word_1_557' title='bbox 235 3687 381 3759; x_wconf 77' lang='lat' dir='ltr'>adjungam</span> <span class='ocrx_word' id='word_1_558' title='bbox 402 3703 468 3744; x_wconf 86' lang='lat' dir='ltr'>tero</span> <span class='ocrx_word' id='word_1_559' title='bbox 490 3687 554 3744; x_wconf 92' lang='lat' dir='ltr'>ltuic</span> <span class='ocrx_word' id='word_1_560' title='bbox 572 3686 757 3760; x_wconf 75' lang='lat' dir='ltr'>intelligentie</span> <span class='ocrx_word' id='word_1_561' title='bbox 773 3697 844 3757; x_wconf 75' lang='lat' dir='ltr'>tum,</span> <span class='ocrx_word' id='word_1_562' title='bbox 861 3698 891 3746; x_wconf 85' lang='lat' dir='ltr'>ut</span> <span class='ocrx_word' id='word_1_563' title='bbox 944 3697 1030 3745; x_wconf 86' lang='lat' dir='ltr'>rotor.</span> <span class='ocrx_word' id='word_1_564' title='bbox 1048 3688 1152 3744; x_wconf 78' lang='lat' dir='ltr'>Bcltiuc</span> <span class='ocrx_word' id='word_1_565' title='bbox 1172 3689 1235 3757; x_wconf 89' lang='lat' dir='ltr'>quia</span> <span class='ocrx_word' id='word_1_566' title='bbox 1249 3688 1351 3744; x_wconf 83' lang='lat' dir='ltr'>nuduut</span> <span class='ocrx_word' id='word_1_567' title='bbox 1366 3684 1437 3757; x_wconf 80' lang='lat' dir='ltr'>doc,</span> <span class='ocrx_word' id='word_1_568' title='bbox 1451 3690 1480 3745; x_wconf 91' lang='lat' dir='ltr'>in</span> <span class='ocrx_word' id='word_1_569' title='bbox 1504 3707 1587 3747; x_wconf 88' lang='lat' dir='ltr'>unutn</span> <span class='ocrx_word' id='word_1_570' title='bbox 1602 3693 1688 3749; x_wconf 66' lang='grc' dir='ltr'><strong>Βωιιι</strong></span> <span class='ocrx_word' id='word_1_571' title='bbox 1703 3711 1751 3767; x_wconf 88' lang='lat' dir='ltr'>ptt·</span> 
     </span>
     <span class='ocr_line' id='line_1_39' title="bbox 85 3779 1749 3855; baseline 0.002 -17"><span class='ocrx_word' id='word_1_572' title='bbox 85 3792 170 3854; x_wconf 83' lang='lat' dir='ltr'>putas</span> <span class='ocrx_word' id='word_1_573' title='bbox 186 3781 304 3838; x_wconf 88' lang='lat' dir='ltr'>llrtnioro</span> <span class='ocrx_word' id='word_1_574' title='bbox 319 3781 455 3853; x_wconf 73' lang='lat' dir='ltr'>presidia.</span> <span class='ocrx_word' id='word_1_575' title='bbox 479 3780 541 3852; x_wconf 91' lang='lat' dir='ltr'>lpse</span> <span class='ocrx_word' id='word_1_576' title='bbox 566 3781 638 3838; x_wconf 89' lang='lat' dir='ltr'>enim</span> <span class='ocrx_word' id='word_1_577' title='bbox 658 3783 804 3853; x_wconf 80' lang='lat' dir='ltr'>Apostolus</span> <span class='ocrx_word' id='word_1_578' title='bbox 829 3783 890 3840; x_wconf 84' lang='lat' dir='ltr'>nit:</span> <span class='ocrx_word' id='word_1_579' title='bbox 946 3791 1016 3838; x_wconf 87' lang='lat' dir='ltr'>trent</span> <span class='ocrx_word' id='word_1_580' title='bbox 1031 3781 1154 3847; x_wconf 83' lang='lat' dir='ltr'>credere,</span> <span class='ocrx_word' id='word_1_581' title='bbox 1170 3795 1224 3835; x_wconf 92' lang='lat' dir='ltr'>nou</span> <span class='ocrx_word' id='word_1_582' title='bbox 1242 3779 1385 3851; x_wconf 86' lang='lat' dir='ltr'>proliceret</span> <span class='ocrx_word' id='word_1_583' title='bbox 1405 3780 1439 3837; x_wconf 91' lang='lat' dir='ltr'>od</span> <span class='ocrx_word' id='word_1_584' title='bbox 1460 3782 1592 3849; x_wconf 88' lang='lat' dir='ltr'>salutem;</span> <span class='ocrx_word' id='word_1_585' title='bbox 1607 3785 1749 3855; x_wconf 86' lang='lat' dir='ltr'>subjecit:</span> 
     </span>
    </p>
   </div>
   <div class='ocr_carea' id='block_1_3' title="bbox 86 3917 1752 4060">
    <p class='ocr_par' dir='ltr' id='par_1_5' title="bbox 86 3917 1752 4060">
     <span class='ocr_line' id='line_1_40' title="bbox 124 3917 1752 3995; baseline 0.005 -22"><span class='ocrx_word' id='word_1_586' title='bbox 124 3917 165 3991; x_wconf 84' lang='lat' dir='ltr'>(i)</span> <span class='ocrx_word' id='word_1_587' title='bbox 187 3917 472 3990; x_wconf 54' lang='lat' dir='ltr'>sempiternarum</span> <span class='ocrx_word' id='word_1_588' title='bbox 486 3924 555 3987; x_wconf 83' lang='lat' dir='ltr'>post,</span> <span class='ocrx_word' id='word_1_589' title='bbox 571 3925 597 3972; x_wconf 83' lang='lat' dir='ltr'>et</span> <span class='ocrx_word' id='word_1_590' title='bbox 613 3918 773 3990; x_wconf 70' lang='lat' dir='ltr'>inoperantis</span> <span class='ocrx_word' id='word_1_591' title='bbox 786 3929 811 3975; x_wconf 84' lang='lat' dir='ltr'>et</span> <span class='ocrx_word' id='word_1_592' title='bbox 833 3917 892 3976; x_wconf 78' lang='lat' dir='ltr'>liet.</span> <span class='ocrx_word' id='word_1_593' title='bbox 983 3918 1023 3991; x_wconf 71' lang='grc'>(2)</span> <span class='ocrx_word' id='word_1_594' title='bbox 1045 3918 1077 3972; x_wconf 78' lang='lat' dir='ltr'>lit</span> <span class='ocrx_word' id='word_1_595' title='bbox 1102 3934 1149 3972; x_wconf 87' lang='lat' dir='ltr'>nos</span> <span class='ocrx_word' id='word_1_596' title='bbox 1172 3919 1198 3972; x_wconf 89' lang='lat' dir='ltr'>iu</span> <span class='ocrx_word' id='word_1_597' title='bbox 1220 3919 1316 3995; x_wconf 85' lang='lat' dir='ltr'>iprupt,</span> <span class='ocrx_word' id='word_1_598' title='bbox 1333 3931 1394 3973; x_wconf 89' lang='lat' dir='ltr'>cunt</span> <span class='ocrx_word' id='word_1_599' title='bbox 1415 3932 1517 3989; x_wconf 69' lang='lat' dir='ltr'>gracco,</span> <span class='ocrx_word' id='word_1_600' title='bbox 1539 3935 1602 3976; x_wconf 86' lang='lat' dir='ltr'>mor</span> <span class='ocrx_word' id='word_1_601' title='bbox 1617 3922 1752 3981; x_wconf 86' lang='lat' dir='ltr'>omittitur</span> 
     </span>
     <span class='ocr_line' id='line_1_41' title="bbox 86 3988 1646 4060; baseline 0.001 -14"><span class='ocrx_word' id='word_1_602' title='bbox 86 3990 163 4054; x_wconf 76' lang='lat' dir='ltr'>llot,</span> <span class='ocrx_word' id='word_1_603' title='bbox 177 3990 268 4056; x_wconf 82' lang='lat' dir='ltr'>rediri,</span> <span class='ocrx_word' id='word_1_604' title='bbox 282 3989 383 4046; x_wconf 90' lang='lat' dir='ltr'>omissa</span> <span class='ocrx_word' id='word_1_605' title='bbox 399 3988 528 4060; x_wconf 86' lang='lat' dir='ltr'>particula</span> <span class='ocrx_word' id='word_1_606' title='bbox 542 3990 575 4044; x_wconf 87' lang='lat' dir='ltr'>ri.</span> <span class='ocrx_word' id='word_1_607' title='bbox 946 4006 1044 4046; x_wconf 87' lang='lat' dir='ltr'>nuntcn</span> <span class='ocrx_word' id='word_1_608' title='bbox 1057 3990 1184 4045; x_wconf 76' lang='lat' dir='ltr'>Gloriatur.</span> <span class='ocrx_word' id='word_1_609' title='bbox 1200 3988 1283 4044; x_wconf 87' lang='lat' dir='ltr'>Paulo</span> <span class='ocrx_word' id='word_1_610' title='bbox 1298 3999 1371 4058; x_wconf 90' lang='lat' dir='ltr'>post,</span> <span class='ocrx_word' id='word_1_611' title='bbox 1387 3990 1646 4058; x_wconf 63' lang='lat' dir='ltr'>recurrentiumque·</span> 
     </span>
    </p>
   </div>
   <div class='ocr_carea' id='block_1_4' title="bbox 79 4102 1753 5106">
    <p class='ocr_par' dir='ltr' id='par_1_6' title="bbox 87 4102 1753 4394">
     <span class='ocr_line' id='line_1_42' title="bbox 126 4102 1752 4180; baseline 0.003 -19"><span class='ocrx_word' id='word_1_612' title='bbox 126 4106 165 4180; x_wconf 83' lang='grc' dir='ltr'><strong>(ιι)</strong></span> <span class='ocrx_word' id='word_1_613' title='bbox 188 4106 248 4163; x_wconf 82' lang='lat' dir='ltr'>ilat.</span> <span class='ocrx_word' id='word_1_614' title='bbox 262 4108 321 4163; x_wconf 90' lang='lat' dir='ltr'>ltos.</span> <span class='ocrx_word' id='word_1_615' title='bbox 337 4122 389 4162; x_wconf 88' lang='lat' dir='ltr'>ms.</span> <span class='ocrx_word' id='word_1_616' title='bbox 404 4106 603 4178; x_wconf 80' lang='lat' dir='ltr'>donupentiunt.</span> <span class='ocrx_word' id='word_1_617' title='bbox 618 4106 672 4163; x_wconf 81' lang='lat' dir='ltr'>ulti</span> <span class='ocrx_word' id='word_1_618' title='bbox 684 4107 817 4173; x_wconf 81' lang='lat' dir='ltr'>nonnulii,</span> <span class='ocrx_word' id='word_1_619' title='bbox 829 4122 896 4165; x_wconf 88' lang='lat' dir='ltr'>neo·</span> <span class='ocrx_word' id='word_1_620' title='bbox 949 4105 1055 4162; x_wconf 89' lang='lat' dir='ltr'>relerri.</span> <span class='ocrx_word' id='word_1_621' title='bbox 1077 4104 1145 4160; x_wconf 88' lang='lat' dir='ltr'>lliue</span> <span class='ocrx_word' id='word_1_622' title='bbox 1161 4103 1196 4159; x_wconf 86' lang='lat' dir='ltr'>ult</span> <span class='ocrx_word' id='word_1_623' title='bbox 1209 4102 1276 4174; x_wconf 86' lang='lat' dir='ltr'>ipsis</span> <span class='ocrx_word' id='word_1_624' title='bbox 1287 4104 1403 4173; x_wconf 66' lang='lat' dir='ltr'>quierit,</span> <span class='ocrx_word' id='word_1_625' title='bbox 1426 4120 1441 4160; x_wconf 86' lang='lat' dir='ltr'>a</span> <span class='ocrx_word' id='word_1_626' title='bbox 1464 4122 1518 4177; x_wconf 91' lang='lat' dir='ltr'>quo</span> <span class='ocrx_word' id='word_1_627' title='bbox 1541 4108 1642 4178; x_wconf 86' lang='lat' dir='ltr'>Spiritu</span> <span class='ocrx_word' id='word_1_628' title='bbox 1666 4110 1752 4168; x_wconf 81' lang='lat' dir='ltr'>uelint</span> 
     </span>
     <span class='ocr_line' id='line_1_43' title="bbox 87 4174 1751 4253; baseline 0.002 -17"><span class='ocrx_word' id='word_1_629' title='bbox 87 4195 144 4236; x_wconf 90' lang='lat' dir='ltr'>non</span> <span class='ocrx_word' id='word_1_630' title='bbox 166 4179 239 4247; x_wconf 74' lang='lat' dir='ltr'>lips,</span> <span class='ocrx_word' id='word_1_631' title='bbox 254 4189 281 4235; x_wconf 87' lang='lat' dir='ltr'>et</span> <span class='ocrx_word' id='word_1_632' title='bbox 297 4180 359 4232; x_wconf 87' lang='lat' dir='ltr'>Par.</span> <span class='ocrx_word' id='word_1_633' title='bbox 374 4178 442 4233; x_wconf 68' lang='lat' dir='ltr'>mou</span> <span class='ocrx_word' id='word_1_634' title='bbox 461 4195 594 4253; x_wconf 74' lang='lat' dir='ltr'>peneum.</span> <span class='ocrx_word' id='word_1_635' title='bbox 610 4177 811 4236; x_wconf 75' lang='lat' dir='ltr'>Ptmlerendutn</span> <span class='ocrx_word' id='word_1_636' title='bbox 831 4195 894 4235; x_wconf 88' lang='lat' dir='ltr'>cunt</span> <span class='ocrx_word' id='word_1_637' title='bbox 947 4178 1019 4234; x_wconf 87' lang='lat' dir='ltr'>dona</span> <span class='ocrx_word' id='word_1_638' title='bbox 1032 4176 1161 4246; x_wconf 85' lang='lat' dir='ltr'>spiritalia</span> <span class='ocrx_word' id='word_1_639' title='bbox 1184 4174 1329 4245; x_wconf 78' lang='lat' dir='ltr'>proticisci.</span> <span class='ocrx_word' id='word_1_640' title='bbox 1352 4175 1393 4233; x_wconf 75' lang='lat' dir='ltr'>Ae</span> <span class='ocrx_word' id='word_1_641' title='bbox 1406 4178 1515 4234; x_wconf 86' lang='lat' dir='ltr'>detnutn</span> <span class='ocrx_word' id='word_1_642' title='bbox 1531 4179 1591 4236; x_wconf 83' lang='lat' dir='ltr'>ilios</span> <span class='ocrx_word' id='word_1_643' title='bbox 1603 4197 1638 4238; x_wconf 88' lang='lat' dir='ltr'>eo</span> <span class='ocrx_word' id='word_1_644' title='bbox 1652 4182 1751 4250; x_wconf 82' lang='lat' dir='ltr'>perdu-</span> 
     </span>
     <span class='ocr_line' id='line_1_44' title="bbox 88 4247 1751 4322; baseline 0.003 -16"><span class='ocrx_word' id='word_1_645' title='bbox 88 4251 171 4317; x_wconf 64' lang='lat' dir='ltr'>liad„</span> <span class='ocrx_word' id='word_1_646' title='bbox 187 4250 234 4306; x_wconf 76' lang='lat' dir='ltr'>Er.</span> <span class='ocrx_word' id='word_1_647' title='bbox 247 4258 275 4306; x_wconf 90' lang='lat' dir='ltr'>et</span> <span class='ocrx_word' id='word_1_648' title='bbox 287 4249 408 4320; x_wconf 87' lang='lat' dir='ltr'>pluribus</span> <span class='ocrx_word' id='word_1_649' title='bbox 423 4253 514 4321; x_wconf 67' lang='lat' dir='ltr'>probae</span> <span class='ocrx_word' id='word_1_650' title='bbox 527 4258 599 4304; x_wconf 81' lang='lat' dir='ltr'>notae</span> <span class='ocrx_word' id='word_1_651' title='bbox 613 4266 678 4305; x_wconf 89' lang='lat' dir='ltr'>mss.</span> <span class='ocrx_word' id='word_1_652' title='bbox 693 4251 844 4322; x_wconf 75' lang='lat' dir='ltr'>douolscil.</span> <span class='ocrx_word' id='word_1_653' title='bbox 856 4252 896 4308; x_wconf 85' lang='lat' dir='ltr'>eci</span> <span class='ocrx_word' id='word_1_654' title='bbox 947 4252 996 4315; x_wconf 85' lang='lat' dir='ltr'>eit,</span> <span class='ocrx_word' id='word_1_655' title='bbox 1012 4261 1042 4305; x_wconf 89' lang='lat' dir='ltr'>ut</span> <span class='ocrx_word' id='word_1_656' title='bbox 1056 4264 1156 4318; x_wconf 72' lang='lat' dir='ltr'>negare</span> <span class='ocrx_word' id='word_1_657' title='bbox 1169 4263 1223 4304; x_wconf 91' lang='lat' dir='ltr'>uon</span> <span class='ocrx_word' id='word_1_658' title='bbox 1238 4249 1357 4315; x_wconf 83' lang='lat' dir='ltr'>tutetot,</span> <span class='ocrx_word' id='word_1_659' title='bbox 1373 4247 1524 4307; x_wconf 80' lang='lat' dir='ltr'>ministeria</span> <span class='ocrx_word' id='word_1_660' title='bbox 1540 4253 1566 4306; x_wconf 92' lang='lat' dir='ltr'>in</span> <span class='ocrx_word' id='word_1_661' title='bbox 1584 4254 1700 4310; x_wconf 78' lang='lat' dir='ltr'>lctiesm</span> <span class='ocrx_word' id='word_1_662' title='bbox 1714 4255 1751 4311; x_wconf 83' lang='lat' dir='ltr'>itt</span> 
     </span>
     <span class='ocr_line' id='line_1_45' title="bbox 88 4318 1753 4394; baseline 0.003 -17"><span class='ocrx_word' id='word_1_663' title='bbox 88 4322 215 4390; x_wconf 81' lang='lat' dir='ltr'>loquendi</span> <span class='ocrx_word' id='word_1_664' title='bbox 226 4321 265 4375; x_wconf 85' lang='lat' dir='ltr'>uei</span> <span class='ocrx_word' id='word_1_665' title='bbox 278 4324 474 4393; x_wconf 78' lang='lat' dir='ltr'>interpretandi)</span> <span class='ocrx_word' id='word_1_666' title='bbox 484 4337 577 4391; x_wconf 77' lang='lat' dir='ltr'>periere</span> <span class='ocrx_word' id='word_1_667' title='bbox 593 4322 754 4394; x_wconf 77' lang='lat' dir='ltr'>linquorum.</span> <span class='ocrx_word' id='word_1_668' title='bbox 948 4336 963 4375; x_wconf 88' lang='lat' dir='ltr'>a</span> <span class='ocrx_word' id='word_1_669' title='bbox 981 4324 1037 4376; x_wconf 82' lang='lat' dir='ltr'>lieo</span> <span class='ocrx_word' id='word_1_670' title='bbox 1052 4336 1112 4376; x_wconf 90' lang='lat' dir='ltr'>csse</span> <span class='ocrx_word' id='word_1_671' title='bbox 1127 4321 1225 4390; x_wconf 87' lang='lat' dir='ltr'>posita.</span> <span class='ocrx_word' id='word_1_672' title='bbox 1246 4328 1275 4374; x_wconf 93' lang='lat' dir='ltr'>ut</span> <span class='ocrx_word' id='word_1_673' title='bbox 1286 4318 1368 4376; x_wconf 85' lang='lat' dir='ltr'>etiarn</span> <span class='ocrx_word' id='word_1_674' title='bbox 1384 4335 1399 4375; x_wconf 87' lang='lat' dir='ltr'>a</span> <span class='ocrx_word' id='word_1_675' title='bbox 1418 4321 1527 4380; x_wconf 79' lang='lat' dir='ltr'>Christo</span> <span class='ocrx_word' id='word_1_676' title='bbox 1543 4323 1668 4380; x_wconf 81' lang='lat' dir='ltr'>dicuntur</span> <span class='ocrx_word' id='word_1_677' title='bbox 1686 4341 1753 4382; x_wconf 88' lang='lat' dir='ltr'>cun-</span> 
     </span>
    </p>

    <p class='ocr_par' dir='ltr' id='par_1_7' title="bbox 79 4390 1753 4546">
     <span class='ocr_line' id='line_1_46' title="bbox 128 4390 1752 4468; baseline 0.004 -21"><span class='ocrx_word' id='word_1_678' title='bbox 128 4391 168 4468; x_wconf 82' lang='lat' dir='ltr'>(lt)</span> <span class='ocrx_word' id='word_1_679' title='bbox 187 4392 299 4448; x_wconf 86' lang='lat' dir='ltr'>Carnut.</span> <span class='ocrx_word' id='word_1_680' title='bbox 315 4394 439 4449; x_wconf 84' lang='lat' dir='ltr'>mdcxct</span> <span class='ocrx_word' id='word_1_681' title='bbox 459 4393 566 4449; x_wconf 83' lang='lat' dir='ltr'>ilurtln.</span> <span class='ocrx_word' id='word_1_682' title='bbox 590 4404 618 4448; x_wconf 93' lang='lat' dir='ltr'>ut</span> <span class='ocrx_word' id='word_1_683' title='bbox 640 4398 666 4449; x_wconf 89' lang='lat' dir='ltr'>in</span> <span class='ocrx_word' id='word_1_684' title='bbox 684 4409 775 4466; x_wconf 70' lang='lat' dir='ltr'>graeco</span> <span class='ocrx_word' id='word_1_685' title='bbox 800 4403 893 4462; x_wconf 85' lang='lat' dir='ltr'>textu,</span> <span class='ocrx_word' id='word_1_686' title='bbox 948 4394 1064 4457; x_wconf 88' lang='lat' dir='ltr'>stituto;</span> <span class='ocrx_word' id='word_1_687' title='bbox 1089 4392 1212 4462; x_wconf 82' lang='lat' dir='ltr'>adeoque</span> <span class='ocrx_word' id='word_1_688' title='bbox 1230 4390 1366 4447; x_wconf 85' lang='lat' dir='ltr'>Cltristunt</span> <span class='ocrx_word' id='word_1_689' title='bbox 1388 4408 1403 4447; x_wconf 89' lang='lat' dir='ltr'>a</span> <span class='ocrx_word' id='word_1_690' title='bbox 1425 4393 1505 4450; x_wconf 86' lang='lat' dir='ltr'>Patre</span> <span class='ocrx_word' id='word_1_691' title='bbox 1528 4410 1616 4461; x_wconf 87' lang='lat' dir='ltr'>tteqtte</span> <span class='ocrx_word' id='word_1_692' title='bbox 1639 4398 1752 4454; x_wconf 84' lang='lat' dir='ltr'>alterius</span> 
     </span>
     <span class='ocr_line' id='line_1_47' title="bbox 79 4461 1753 4546; baseline 0.005 -31"><span class='ocrx_word' id='word_1_693' title='bbox 79 4464 271 4539; x_wconf 71' lang='lat' dir='ltr'>muqeiistur.</span> <span class='ocrx_word' id='word_1_694' title='bbox 949 4480 1011 4520; x_wconf 83' lang='lat' dir='ltr'>osse</span> <span class='ocrx_word' id='word_1_695' title='bbox 1025 4466 1177 4534; x_wconf 87' lang='lat' dir='ltr'>potestatis,</span> <span class='ocrx_word' id='word_1_696' title='bbox 1196 4478 1285 4546; x_wconf 84' lang='lat' dir='ltr'>neque</span> <span class='ocrx_word' id='word_1_697' title='bbox 1299 4461 1411 4520; x_wconf 85' lang='lat' dir='ltr'>alterius</span> <span class='ocrx_word' id='word_1_698' title='bbox 1427 4473 1540 4523; x_wconf 83' lang='lat' dir='ltr'>naturae.</span> <span class='ocrx_word' id='word_1_699' title='bbox 1555 4467 1647 4539; x_wconf 91' lang='lat' dir='ltr'>ltaque</span> <span class='ocrx_word' id='word_1_700' title='bbox 1672 4484 1753 4540; x_wconf 79' lang='lat' dir='ltr'>argu-</span> 
     </span>
    </p>

    <p class='ocr_par' dir='ltr' id='par_1_8' title="bbox 89 4531 1753 5106">
     <span class='ocr_line' id='line_1_48' title="bbox 128 4531 1749 4609; baseline 0.004 -20"><span class='ocrx_word' id='word_1_701' title='bbox 128 4533 166 4609; x_wconf 75' lang='grc' dir='ltr'><strong>(ι)</strong></span> <span class='ocrx_word' id='word_1_702' title='bbox 179 4534 251 4590; x_wconf 78' lang='lat' dir='ltr'>Editi</span> <span class='ocrx_word' id='word_1_703' title='bbox 266 4550 298 4592; x_wconf 88' lang='lat' dir='ltr'>ac</span> <span class='ocrx_word' id='word_1_704' title='bbox 309 4537 399 4607; x_wconf 89' lang='lat' dir='ltr'>plures</span> <span class='ocrx_word' id='word_1_705' title='bbox 414 4550 480 4592; x_wconf 88' lang='lat' dir='ltr'>mss.</span> <span class='ocrx_word' id='word_1_706' title='bbox 497 4547 519 4592; x_wconf 84' lang='lat' dir='ltr'>et</span> <span class='ocrx_word' id='word_1_707' title='bbox 531 4537 690 4605; x_wconf 85' lang='lat' dir='ltr'>iuoporuutir</span> <span class='ocrx_word' id='word_1_708' title='bbox 705 4534 763 4591; x_wconf 81' lang='lat' dir='ltr'>Dei.</span> <span class='ocrx_word' id='word_1_709' title='bbox 780 4535 892 4594; x_wconf 84' lang='lat' dir='ltr'>Rectius</span> <span class='ocrx_word' id='word_1_710' title='bbox 906 4531 934 4593; x_wconf 85' lang='lat' dir='ltr'>D</span> <span class='ocrx_word' id='word_1_711' title='bbox 946 4549 1065 4591; x_wconf 87' lang='lat' dir='ltr'>tttentutu</span> <span class='ocrx_word' id='word_1_712' title='bbox 1079 4551 1093 4588; x_wconf 89' lang='lat' dir='ltr'>a</span> <span class='ocrx_word' id='word_1_713' title='bbox 1109 4553 1183 4591; x_wconf 92' lang='lat' dir='ltr'>uuut.</span> <span class='ocrx_word' id='word_1_714' title='bbox 1195 4536 1230 4590; x_wconf 57' lang='grc' dir='ltr'>ἱ)</span> <span class='ocrx_word' id='word_1_715' title='bbox 1244 4533 1395 4590; x_wconf 89' lang='lat' dir='ltr'>tustituttttu</span> <span class='ocrx_word' id='word_1_716' title='bbox 1409 4536 1441 4591; x_wconf 93' lang='lat' dir='ltr'>ad</span> <span class='ocrx_word' id='word_1_717' title='bbox 1466 4537 1518 4593; x_wconf 88' lang='lat' dir='ltr'>boc</span> <span class='ocrx_word' id='word_1_718' title='bbox 1531 4538 1611 4605; x_wconf 82' lang='lat' dir='ltr'>valet,</span> <span class='ocrx_word' id='word_1_719' title='bbox 1625 4551 1654 4594; x_wconf 95' lang='lat' dir='ltr'>ut</span> <span class='ocrx_word' id='word_1_720' title='bbox 1666 4539 1749 4608; x_wconf 80' lang='lat' dir='ltr'>dritta,</span> 
     </span>
     <span class='ocr_line' id='line_1_49' title="bbox 89 4606 1750 4680; baseline 0.003 -18"><span class='ocrx_word' id='word_1_721' title='bbox 89 4606 170 4664; x_wconf 81' lang='lat' dir='ltr'>abest</span> <span class='ocrx_word' id='word_1_722' title='bbox 184 4609 344 4680; x_wconf 84' lang='lat' dir='ltr'>inoperantir</span> <span class='ocrx_word' id='word_1_723' title='bbox 359 4623 373 4661; x_wconf 87' lang='lat' dir='ltr'>n</span> <span class='ocrx_word' id='word_1_724' title='bbox 388 4607 578 4678; x_wconf 77' lang='lat' dir='ltr'>praestantibus</span> <span class='ocrx_word' id='word_1_725' title='bbox 590 4624 656 4663; x_wconf 89' lang='lat' dir='ltr'>tuss.</span> <span class='ocrx_word' id='word_1_726' title='bbox 668 4610 756 4674; x_wconf 69' lang='lat' dir='ltr'>Colle,</span> <span class='ocrx_word' id='word_1_727' title='bbox 773 4609 854 4665; x_wconf 85' lang='lat' dir='ltr'>Corn.</span> <span class='ocrx_word' id='word_1_728' title='bbox 868 4620 896 4666; x_wconf 89' lang='lat' dir='ltr'>et</span> <span class='ocrx_word' id='word_1_729' title='bbox 948 4625 1008 4677; x_wconf 70' lang='lat' dir='ltr'>quie</span> <span class='ocrx_word' id='word_1_730' title='bbox 1024 4607 1139 4677; x_wconf 78' lang='lat' dir='ltr'>Spiritus</span> <span class='ocrx_word' id='word_1_731' title='bbox 1155 4607 1240 4661; x_wconf 90' lang='lat' dir='ltr'>saneti</span> <span class='ocrx_word' id='word_1_732' title='bbox 1257 4606 1334 4675; x_wconf 78' lang='lat' dir='ltr'>vttlgo</span> <span class='ocrx_word' id='word_1_733' title='bbox 1348 4620 1547 4675; x_wconf 86' lang='lat' dir='ltr'>nuncupantur,</span> <span class='ocrx_word' id='word_1_734' title='bbox 1561 4609 1643 4666; x_wconf 81' lang='lat' dir='ltr'>tritius</span> <span class='ocrx_word' id='word_1_735' title='bbox 1657 4611 1750 4667; x_wconf 80' lang='lat' dir='ltr'>Triui-</span> 
     </span>
     <span class='ocr_line' id='line_1_50' title="bbox 90 4676 1749 4750; baseline 0.001 -16"><span class='ocrx_word' id='word_1_736' title='bbox 90 4678 188 4735; x_wconf 83' lang='lat' dir='ltr'>Gcrm.</span> <span class='ocrx_word' id='word_1_737' title='bbox 208 4695 269 4734; x_wconf 90' lang='lat' dir='ltr'>cum</span> <span class='ocrx_word' id='word_1_738' title='bbox 292 4681 452 4750; x_wconf 81' lang='lat' dir='ltr'>respicietur</span> <span class='ocrx_word' id='word_1_739' title='bbox 471 4695 550 4747; x_wconf 84' lang='lat' dir='ltr'>supra</span> <span class='ocrx_word' id='word_1_740' title='bbox 562 4679 793 4749; x_wconf 72' lang='lat' dir='ltr'>allutusnpostoli</span> <span class='ocrx_word' id='word_1_741' title='bbox 807 4697 815 4736; x_wconf 96' lang='lat' dir='ltr'>t</span> <span class='ocrx_word' id='word_1_742' title='bbox 830 4681 894 4737; x_wconf 86' lang='lat' dir='ltr'>Cor.</span> <span class='ocrx_word' id='word_1_743' title='bbox 949 4682 1023 4744; x_wconf 82' lang='lat' dir='ltr'>tatis,</span> <span class='ocrx_word' id='word_1_744' title='bbox 1040 4695 1071 4733; x_wconf 88' lang='lat' dir='ltr'>ac</span> <span class='ocrx_word' id='word_1_745' title='bbox 1088 4677 1245 4732; x_wconf 87' lang='lat' dir='ltr'>ttontittutitn</span> <span class='ocrx_word' id='word_1_746' title='bbox 1270 4676 1356 4747; x_wconf 89' lang='lat' dir='ltr'>ipsius</span> <span class='ocrx_word' id='word_1_747' title='bbox 1375 4677 1476 4734; x_wconf 78' lang='lat' dir='ltr'>Christi</span> <span class='ocrx_word' id='word_1_748' title='bbox 1498 4695 1560 4737; x_wconf 89' lang='lat' dir='ltr'>esse</span> <span class='ocrx_word' id='word_1_749' title='bbox 1580 4682 1749 4736; x_wconf 84' lang='lat' dir='ltr'>doceamur:</span> 
     </span>
     <span class='ocr_line' id='line_1_51' title="bbox 90 4746 1753 4820; baseline 0.002 -15"><span class='ocrx_word' id='word_1_750' title='bbox 90 4765 142 4815; x_wconf 79' lang='lat' dir='ltr'>xri,</span> <span class='ocrx_word' id='word_1_751' title='bbox 159 4750 208 4815; x_wconf 73' lang='lat' dir='ltr'>et,</span> <span class='ocrx_word' id='word_1_752' title='bbox 233 4750 318 4805; x_wconf 86' lang='lat' dir='ltr'>loctts.</span> <span class='ocrx_word' id='word_1_753' title='bbox 344 4750 378 4805; x_wconf 81' lang='lat' dir='ltr'>Et</span> <span class='ocrx_word' id='word_1_754' title='bbox 390 4751 516 4820; x_wconf 78' lang='lat' dir='ltr'>quosdam</span> <span class='ocrx_word' id='word_1_755' title='bbox 532 4750 634 4820; x_wconf 84' lang='lat' dir='ltr'>quidem</span> <span class='ocrx_word' id='word_1_756' title='bbox 656 4753 741 4820; x_wconf 87' lang='lat' dir='ltr'>posuit</span> <span class='ocrx_word' id='word_1_757' title='bbox 757 4751 834 4818; x_wconf 74' lang='lat' dir='ltr'>oeus,</span> <span class='ocrx_word' id='word_1_758' title='bbox 848 4752 896 4808; x_wconf 89' lang='lat' dir='ltr'>ubi</span> <span class='ocrx_word' id='word_1_759' title='bbox 948 4759 977 4805; x_wconf 89' lang='lat' dir='ltr'>ut</span> <span class='ocrx_word' id='word_1_760' title='bbox 996 4748 1115 4811; x_wconf 80' lang='lat' dir='ltr'>quolibet</span> <span class='ocrx_word' id='word_1_761' title='bbox 1130 4746 1209 4803; x_wconf 92' lang='lat' dir='ltr'>tuodu</span> <span class='ocrx_word' id='word_1_762' title='bbox 1226 4748 1302 4803; x_wconf 81' lang='lat' dir='ltr'>Pauli</span> <span class='ocrx_word' id='word_1_763' title='bbox 1317 4748 1397 4804; x_wconf 85' lang='lat' dir='ltr'>terlta</span> <span class='ocrx_word' id='word_1_764' title='bbox 1412 4752 1626 4815; x_wconf 73' lang='lat' dir='ltr'>interpretentur</span> <span class='ocrx_word' id='word_1_765' title='bbox 1644 4752 1753 4809; x_wconf 75' lang='lat' dir='ltr'>irreteti-</span> 
     </span>
     <span class='ocr_line' id='line_1_52' title="bbox 90 4816 1746 4893; baseline 0.001 -16"><span class='ocrx_word' id='word_1_766' title='bbox 90 4838 148 4877; x_wconf 88' lang='lat' dir='ltr'>tton</span> <span class='ocrx_word' id='word_1_767' title='bbox 160 4820 286 4891; x_wconf 76' lang='lat' dir='ltr'>adjicitur</span> <span class='ocrx_word' id='word_1_768' title='bbox 298 4822 409 4877; x_wconf 73' lang='lat' dir='ltr'>stabunt</span> <span class='ocrx_word' id='word_1_769' title='bbox 424 4824 571 4889; x_wconf 80' lang='lat' dir='ltr'>inoperans.</span> <span class='ocrx_word' id='word_1_770' title='bbox 587 4823 671 4893; x_wconf 79' lang='lat' dir='ltr'>Cttjus</span> <span class='ocrx_word' id='word_1_771' title='bbox 683 4822 737 4878; x_wconf 86' lang='lat' dir='ltr'>loci</span> <span class='ocrx_word' id='word_1_772' title='bbox 752 4836 894 4893; x_wconf 77' lang='lat' dir='ltr'>eotnpurn·</span> <span class='ocrx_word' id='word_1_773' title='bbox 947 4823 981 4886; x_wconf 88' lang='lat' dir='ltr'>ci,</span> <span class='ocrx_word' id='word_1_774' title='bbox 997 4820 1030 4875; x_wconf 85' lang='lat' dir='ltr'>its</span> <span class='ocrx_word' id='word_1_775' title='bbox 1041 4828 1131 4875; x_wconf 86' lang='lat' dir='ltr'>tanton</span> <span class='ocrx_word' id='word_1_776' title='bbox 1144 4819 1275 4875; x_wconf 84' lang='lat' dir='ltr'>naturalis</span> <span class='ocrx_word' id='word_1_777' title='bbox 1287 4820 1312 4872; x_wconf 88' lang='lat' dir='ltr'>itt</span> <span class='ocrx_word' id='word_1_778' title='bbox 1326 4816 1406 4876; x_wconf 86' lang='lat' dir='ltr'>Patre</span> <span class='ocrx_word' id='word_1_779' title='bbox 1423 4830 1450 4877; x_wconf 88' lang='lat' dir='ltr'>et</span> <span class='ocrx_word' id='word_1_780' title='bbox 1459 4818 1532 4876; x_wconf 83' lang='lat' dir='ltr'>Filio</span> <span class='ocrx_word' id='word_1_781' title='bbox 1546 4825 1635 4879; x_wconf 86' lang='lat' dir='ltr'>unitas</span> <span class='ocrx_word' id='word_1_782' title='bbox 1644 4826 1746 4879; x_wconf 89' lang='lat' dir='ltr'>conllr-</span> 
     </span>
     <span class='ocr_line' id='line_1_53' title="bbox 91 4889 1750 4964; baseline 0.002 -17"><span class='ocrx_word' id='word_1_783' title='bbox 91 4893 171 4949; x_wconf 81' lang='lat' dir='ltr'>tione</span> <span class='ocrx_word' id='word_1_784' title='bbox 196 4908 260 4948; x_wconf 87' lang='lat' dir='ltr'>rum</span> <span class='ocrx_word' id='word_1_785' title='bbox 287 4894 376 4948; x_wconf 78' lang='lat' dir='ltr'>altero</span> <span class='ocrx_word' id='word_1_786' title='bbox 399 4894 655 4964; x_wconf 75' lang='lat' dir='ltr'>eittsdeuttpustuti</span> <span class='ocrx_word' id='word_1_787' title='bbox 672 4893 833 4963; x_wconf 69' lang='lat' dir='ltr'>Equienti,</span> <span class='ocrx_word' id='word_1_788' title='bbox 850 4894 893 4962; x_wconf 89' lang='lat' dir='ltr'>ll,</span> <span class='ocrx_word' id='word_1_789' title='bbox 950 4905 1049 4955; x_wconf 88' lang='lat' dir='ltr'>tuetur,</span> <span class='ocrx_word' id='word_1_790' title='bbox 1072 4890 1149 4958; x_wconf 84' lang='lat' dir='ltr'>Qttod</span> <span class='ocrx_word' id='word_1_791' title='bbox 1172 4889 1314 4960; x_wconf 89' lang='lat' dir='ltr'>operosius</span> <span class='ocrx_word' id='word_1_792' title='bbox 1338 4889 1579 4947; x_wconf 86' lang='lat' dir='ltr'>demonstrandum</span> <span class='ocrx_word' id='word_1_793' title='bbox 1602 4893 1750 4951; x_wconf 79' lang='lat' dir='ltr'>duxituusr</span> 
     </span>
     <span class='ocr_line' id='line_1_54' title="bbox 91 4961 1752 5035; baseline 0.004 -17"><span class='ocrx_word' id='word_1_794' title='bbox 91 4967 219 5035; x_wconf 77' lang='lat' dir='ltr'>promum</span> <span class='ocrx_word' id='word_1_795' title='bbox 231 4966 586 5035; x_wconf 84' lang='lat' dir='ltr'>mentoruto‚inqttoendcm</span> <span class='ocrx_word' id='word_1_796' title='bbox 596 4966 809 5021; x_wconf 90' lang='lat' dir='ltr'>ministeriorum</span> <span class='ocrx_word' id='word_1_797' title='bbox 823 4966 893 5023; x_wconf 80' lang='lat' dir='ltr'>dour</span> <span class='ocrx_word' id='word_1_798' title='bbox 952 4964 1051 5034; x_wconf 84' lang='lat' dir='ltr'>quippe</span> <span class='ocrx_word' id='word_1_799' title='bbox 1076 4963 1121 5034; x_wconf 92' lang='lat' dir='ltr'>qui</span> <span class='ocrx_word' id='word_1_800' title='bbox 1146 4961 1311 5018; x_wconf 80' lang='lat' dir='ltr'>advertimus</span> <span class='ocrx_word' id='word_1_801' title='bbox 1338 4961 1468 5018; x_wconf 86' lang='lat' dir='ltr'>llilurium</span> <span class='ocrx_word' id='word_1_802' title='bbox 1503 4966 1646 5022; x_wconf 89' lang='lat' dir='ltr'>nonsatis</span> <span class='ocrx_word' id='word_1_803' title='bbox 1671 4967 1752 5025; x_wconf 84' lang='lat' dir='ltr'>lutol-</span> 
     </span>
     <span class='ocr_line' id='line_1_55' title="bbox 93 5033 1061 5106; baseline -0.005 -15"><span class='ocrx_word' id='word_1_804' title='bbox 93 5034 232 5092; x_wconf 82' lang='lat' dir='ltr'>aCltristo</span> <span class='ocrx_word' id='word_1_805' title='bbox 249 5038 353 5091; x_wconf 87' lang='lat' dir='ltr'>indulta</span> <span class='ocrx_word' id='word_1_806' title='bbox 365 5050 426 5092; x_wconf 82' lang='lat' dir='ltr'>esse</span> <span class='ocrx_word' id='word_1_807' title='bbox 437 5037 609 5093; x_wconf 87' lang='lat' dir='ltr'>declaratur:</span> <span class='ocrx_word' id='word_1_808' title='bbox 630 5038 685 5106; x_wconf 81' lang='lat' dir='ltr'>jum</span> <span class='ocrx_word' id='word_1_809' title='bbox 706 5039 815 5092; x_wconf 82' lang='lat' dir='ltr'>taudem</span> <span class='ocrx_word' id='word_1_810' title='bbox 837 5038 894 5092; x_wconf 86' lang='lat' dir='ltr'>cla-</span> <span class='ocrx_word' id='word_1_811' title='bbox 951 5033 1061 5090; x_wconf 89' lang='lat' dir='ltr'>lectum.</span> 
     </span>
    </p>
   </div>
   <div class='ocr_carea' id='block_1_5' title="bbox 93 5103 1595 5249">
    <p class='ocr_par' dir='ltr' id='par_1_9' title="bbox 93 5103 1595 5249">
     <span class='ocr_line' id='line_1_56' title="bbox 93 5103 1595 5249; baseline -0.001 -86"><span class='ocrx_word' id='word_1_812' title='bbox 93 5108 153 5163; x_wconf 86' lang='lat' dir='ltr'>rius</span> <span class='ocrx_word' id='word_1_813' title='bbox 166 5106 321 5174; x_wconf 76' lang='lat' dir='ltr'>conicitur,</span> <span class='ocrx_word' id='word_1_814' title='bbox 335 5108 473 5164; x_wconf 81' lang='lat' dir='ltr'>cortuum</span> <span class='ocrx_word' id='word_1_815' title='bbox 487 5123 548 5165; x_wconf 88' lang='lat' dir='ltr'>esse</span> <span class='ocrx_word' id='word_1_816' title='bbox 566 5109 699 5165; x_wconf 84' lang='lat' dir='ltr'>donorum</span> <span class='ocrx_word' id='word_1_817' title='bbox 715 5109 892 5179; x_wconf 59' lang='lat' dir='ltr'>turrim-cn,</span> <span class='ocrx_word' id='word_1_818' title='bbox 982 5105 1022 5249; x_wconf 48' lang='grc' dir='ltr'><strong>(τι)</strong></span> <span class='ocrx_word' id='word_1_819' title='bbox 1045 5106 1178 5162; x_wconf 84' lang='lat' dir='ltr'>Particuia</span> <span class='ocrx_word' id='word_1_820' title='bbox 1193 5105 1216 5160; x_wconf 85' lang='lat' dir='ltr'>si</span> <span class='ocrx_word' id='word_1_821' title='bbox 1227 5103 1363 5159; x_wconf 89' lang='lat' dir='ltr'>omittitur</span> <span class='ocrx_word' id='word_1_822' title='bbox 1378 5104 1404 5161; x_wconf 91' lang='lat' dir='ltr'>iu</span> <span class='ocrx_word' id='word_1_823' title='bbox 1420 5119 1471 5161; x_wconf 91' lang='lat' dir='ltr'>uts.</span> <span class='ocrx_word' id='word_1_824' title='bbox 1487 5105 1595 5163; x_wconf 82' lang='lat' dir='ltr'>linitio.</span> 
     </span>
    </p>
   </div>
   <div class='ocr_carea' id='block_1_6' title="bbox 91 5174 1754 5826">
    <p class='ocr_par' dir='ltr' id='par_1_10' title="bbox 91 5174 1754 5537">
     <span class='ocr_line' id='line_1_57' title="bbox 91 5174 1751 5253; baseline 0.001 -18"><span class='ocrx_word' id='word_1_825' title='bbox 91 5177 263 5250; x_wconf 79' lang='lat' dir='ltr'>proindeque</span> <span class='ocrx_word' id='word_1_826' title='bbox 276 5195 360 5236; x_wconf 87' lang='lat' dir='ltr'>unum</span> <span class='ocrx_word' id='word_1_827' title='bbox 371 5195 432 5235; x_wconf 87' lang='lat' dir='ltr'>cum</span> <span class='ocrx_word' id='word_1_828' title='bbox 445 5181 525 5236; x_wconf 83' lang='lat' dir='ltr'>Patre</span> <span class='ocrx_word' id='word_1_829' title='bbox 540 5179 637 5244; x_wconf 77' lang='lat' dir='ltr'>Deum.</span> <span class='ocrx_word' id='word_1_830' title='bbox 650 5197 732 5236; x_wconf 86' lang='lat' dir='ltr'>noum</span> <span class='ocrx_word' id='word_1_831' title='bbox 748 5181 890 5249; x_wconf 83' lang='lat' dir='ltr'>Spiritum.</span> <span class='ocrx_word' id='word_1_832' title='bbox 992 5180 1019 5249; x_wconf 83' lang='lat' dir='ltr'>e)</span> <span class='ocrx_word' id='word_1_833' title='bbox 1040 5178 1139 5234; x_wconf 79' lang='lat' dir='ltr'>Excusi</span> <span class='ocrx_word' id='word_1_834' title='bbox 1159 5176 1205 5233; x_wconf 83' lang='lat' dir='ltr'>itio</span> <span class='ocrx_word' id='word_1_835' title='bbox 1227 5174 1348 5242; x_wconf 81' lang='lat' dir='ltr'>addunt,</span> <span class='ocrx_word' id='word_1_836' title='bbox 1418 5177 1427 5232; x_wconf 90' lang='lat' dir='ltr'>i</span> <span class='ocrx_word' id='word_1_837' title='bbox 1450 5194 1528 5251; x_wconf 83' lang='lat' dir='ltr'>super</span> <span class='ocrx_word' id='word_1_838' title='bbox 1546 5179 1636 5235; x_wconf 87' lang='lat' dir='ltr'>omnio</span> <span class='ocrx_word' id='word_1_839' title='bbox 1655 5194 1667 5235; x_wconf 89' lang='lat'>.·</span> <span class='ocrx_word' id='word_1_840' title='bbox 1689 5195 1751 5253; x_wconf 80' lang='lat' dir='ltr'>qum</span> 
     </span>
     <span class='ocr_line' id='line_1_58' title="bbox 94 5246 1754 5324; baseline 0.002 -19"><span class='ocrx_word' id='word_1_841' title='bbox 94 5250 174 5317; x_wconf 71' lang='lat' dir='ltr'>Quod</span> <span class='ocrx_word' id='word_1_842' title='bbox 193 5250 302 5319; x_wconf 81' lang='lat' dir='ltr'>quidun</span> <span class='ocrx_word' id='word_1_843' title='bbox 316 5250 483 5320; x_wconf 86' lang='lat' dir='ltr'>pedetentim</span> <span class='ocrx_word' id='word_1_844' title='bbox 499 5250 590 5319; x_wconf 88' lang='lat' dir='ltr'>ellicit,</span> <span class='ocrx_word' id='word_1_845' title='bbox 607 5261 643 5315; x_wconf 90' lang='lat' dir='ltr'>ct.</span> <span class='ocrx_word' id='word_1_846' title='bbox 660 5254 698 5309; x_wconf 86' lang='lat' dir='ltr'>uti</span> <span class='ocrx_word' id='word_1_847' title='bbox 714 5253 793 5309; x_wconf 82' lang='lat' dir='ltr'>rolris</span> <span class='ocrx_word' id='word_1_848' title='bbox 816 5252 893 5309; x_wconf 83' lang='lat' dir='ltr'>ride·</span> <span class='ocrx_word' id='word_1_849' title='bbox 946 5250 1028 5304; x_wconf 85' lang='lat' dir='ltr'>rerba</span> <span class='ocrx_word' id='word_1_850' title='bbox 1059 5265 1113 5306; x_wconf 93' lang='lat' dir='ltr'>uon</span> <span class='ocrx_word' id='word_1_851' title='bbox 1138 5248 1239 5305; x_wconf 84' lang='lat' dir='ltr'>habent</span> <span class='ocrx_word' id='word_1_852' title='bbox 1259 5247 1340 5316; x_wconf 78' lang='lat' dir='ltr'>inire,</span> <span class='ocrx_word' id='word_1_853' title='bbox 1362 5246 1382 5304; x_wconf 95' lang='lat' dir='ltr'>li</span> <span class='ocrx_word' id='word_1_854' title='bbox 1405 5288 1412 5303; x_wconf 91' lang='lat'><strong>.</strong></span> <span class='ocrx_word' id='word_1_855' title='bbox 1436 5264 1475 5315; x_wconf 81' lang='lat' dir='ltr'>tt,</span> <span class='ocrx_word' id='word_1_856' title='bbox 1495 5249 1584 5319; x_wconf 89' lang='lat' dir='ltr'>initio,</span> <span class='ocrx_word' id='word_1_857' title='bbox 1607 5266 1695 5324; x_wconf 90' lang='lat' dir='ltr'>neque</span> <span class='ocrx_word' id='word_1_858' title='bbox 1709 5253 1754 5312; x_wconf 88' lang='lat' dir='ltr'>ltic</span> 
     </span>
     <span class='ocr_line' id='line_1_59' title="bbox 95 5318 1751 5398; baseline 0.003 -21"><span class='ocrx_word' id='word_1_859' title='bbox 95 5329 153 5389; x_wconf 83' lang='lat' dir='ltr'>tur,</span> <span class='ocrx_word' id='word_1_860' title='bbox 167 5336 221 5377; x_wconf 92' lang='lat' dir='ltr'>uon</span> <span class='ocrx_word' id='word_1_861' title='bbox 237 5331 291 5378; x_wconf 78' lang='lat' dir='ltr'>trtr</span> <span class='ocrx_word' id='word_1_862' title='bbox 310 5338 343 5379; x_wconf 83' lang='lat' dir='ltr'>et</span> <span class='ocrx_word' id='word_1_863' title='bbox 360 5338 409 5378; x_wconf 85' lang='lat' dir='ltr'>stra</span> <span class='ocrx_word' id='word_1_864' title='bbox 424 5338 553 5394; x_wconf 83' lang='lat' dir='ltr'>quatuor</span> <span class='ocrx_word' id='word_1_865' title='bbox 574 5326 708 5382; x_wconf 79' lang='lat' dir='ltr'>sententie</span> <span class='ocrx_word' id='word_1_866' title='bbox 723 5324 895 5380; x_wconf 81' lang='lat' dir='ltr'>adversario·</span> <span class='ocrx_word' id='word_1_867' title='bbox 946 5329 1054 5376; x_wconf 84' lang='lat' dir='ltr'>exstottt</span> <span class='ocrx_word' id='word_1_868' title='bbox 1065 5323 1163 5376; x_wconf 90' lang='lat' dir='ltr'>intuss.</span> <span class='ocrx_word' id='word_1_869' title='bbox 1174 5335 1288 5391; x_wconf 90' lang='lat' dir='ltr'>quorum</span> <span class='ocrx_word' id='word_1_870' title='bbox 1302 5318 1328 5374; x_wconf 89' lang='lat' dir='ltr'>iu</span> <span class='ocrx_word' id='word_1_871' title='bbox 1345 5321 1483 5377; x_wconf 90' lang='lat' dir='ltr'>nonnullis</span> <span class='ocrx_word' id='word_1_872' title='bbox 1498 5336 1547 5391; x_wconf 91' lang='lat' dir='ltr'>pro</span> <span class='ocrx_word' id='word_1_873' title='bbox 1557 5333 1580 5378; x_wconf 85' lang='lat' dir='ltr'>et</span> <span class='ocrx_word' id='word_1_874' title='bbox 1593 5340 1640 5398; x_wconf 85' lang='lat' dir='ltr'>per</span> <span class='ocrx_word' id='word_1_875' title='bbox 1653 5341 1751 5394; x_wconf 77' lang='lat' dir='ltr'>onium,</span> 
     </span>
     <span class='ocr_line' id='line_1_60' title="bbox 96 5391 1753 5468; baseline 0.004 -21"><span class='ocrx_word' id='word_1_876' title='bbox 96 5409 169 5457; x_wconf 89' lang='lat' dir='ltr'>rum,</span> <span class='ocrx_word' id='word_1_877' title='bbox 183 5392 279 5460; x_wconf 77' lang='lat' dir='ltr'>quilius</span> <span class='ocrx_word' id='word_1_878' title='bbox 294 5394 415 5450; x_wconf 86' lang='lat' dir='ltr'>nonnihil</span> <span class='ocrx_word' id='word_1_879' title='bbox 430 5395 551 5466; x_wconf 74' lang='lat' dir='ltr'>largitur,</span> <span class='ocrx_word' id='word_1_880' title='bbox 567 5396 768 5452; x_wconf 81' lang='lat' dir='ltr'>ntotunemeis</span> <span class='ocrx_word' id='word_1_881' title='bbox 778 5396 896 5451; x_wconf 80' lang='lat' dir='ltr'>eraden-</span> <span class='ocrx_word' id='word_1_882' title='bbox 947 5391 1045 5462; x_wconf 76' lang='lat' dir='ltr'>legitur</span> <span class='ocrx_word' id='word_1_883' title='bbox 1068 5401 1092 5448; x_wconf 84' lang='lat' dir='ltr'>ct</span> <span class='ocrx_word' id='word_1_884' title='bbox 1112 5409 1188 5466; x_wconf 85' lang='lat' dir='ltr'>super</span> <span class='ocrx_word' id='word_1_885' title='bbox 1210 5407 1313 5460; x_wconf 81' lang='lat' dir='ltr'>ornnes,</span> <span class='ocrx_word' id='word_1_886' title='bbox 1335 5393 1363 5450; x_wconf 90' lang='lat' dir='ltr'>itt</span> <span class='ocrx_word' id='word_1_887' title='bbox 1390 5394 1553 5452; x_wconf 76' lang='lat' dir='ltr'>carnutensi</span> <span class='ocrx_word' id='word_1_888' title='bbox 1577 5404 1685 5465; x_wconf 73' lang='lat' dir='ltr'>summ,</span> <span class='ocrx_word' id='word_1_889' title='bbox 1709 5396 1753 5468; x_wconf 85' lang='lat' dir='ltr'>qui</span> 
     </span>
     <span class='ocr_line' id='line_1_61' title="bbox 95 5463 1139 5537; baseline 0 -18"><span class='ocrx_word' id='word_1_890' title='bbox 95 5463 237 5520; x_wconf 88' lang='lat' dir='ltr'>diaditntu</span> <span class='ocrx_word' id='word_1_891' title='bbox 252 5465 370 5522; x_wconf 81' lang='lat' dir='ltr'>claudat.</span> <span class='ocrx_word' id='word_1_892' title='bbox 385 5466 505 5523; x_wconf 88' lang='lat' dir='ltr'>Primum</span> <span class='ocrx_word' id='word_1_893' title='bbox 524 5469 597 5524; x_wconf 90' lang='lat' dir='ltr'>enim</span> <span class='ocrx_word' id='word_1_894' title='bbox 611 5470 651 5525; x_wconf 92' lang='lat' dir='ltr'>eis</span> <span class='ocrx_word' id='word_1_895' title='bbox 665 5468 735 5524; x_wconf 92' lang='lat' dir='ltr'>ultro</span> <span class='ocrx_word' id='word_1_896' title='bbox 748 5467 795 5523; x_wconf 86' lang='lat' dir='ltr'>dat</span> <span class='ocrx_word' id='word_1_897' title='bbox 808 5464 895 5533; x_wconf 87' lang='lat' dir='ltr'>Spiri-</span> <span class='ocrx_word' id='word_1_898' title='bbox 948 5480 1027 5537; x_wconf 80' lang='lat' dir='ltr'>rupet-</span> <span class='ocrx_word' id='word_1_899' title='bbox 1041 5479 1139 5520; x_wconf 74' lang='lat' dir='ltr'>unum.</span> 
     </span>
    </p>

    <p class='ocr_par' dir='ltr' id='par_1_11' title="bbox 96 5532 1446 5610">
     <span class='ocr_line' id='line_1_62' title="bbox 96 5532 1446 5610; baseline 0 -21"><span class='ocrx_word' id='word_1_900' title='bbox 96 5545 140 5590; x_wconf 84' lang='lat' dir='ltr'>tttr</span> <span class='ocrx_word' id='word_1_901' title='bbox 155 5538 236 5591; x_wconf 77' lang='lat' dir='ltr'>sonui</span> <span class='ocrx_word' id='word_1_902' title='bbox 253 5550 322 5594; x_wconf 84' lang='lat' dir='ltr'>ruce</span> <span class='ocrx_word' id='word_1_903' title='bbox 336 5536 497 5610; x_wconf 86' lang='lat' dir='ltr'>quaudoque</span> <span class='ocrx_word' id='word_1_904' title='bbox 512 5538 629 5604; x_wconf 81' lang='lat' dir='ltr'>Putrem,</span> <span class='ocrx_word' id='word_1_905' title='bbox 648 5539 782 5596; x_wconf 88' lang='lat' dir='ltr'>interdum</span> <span class='ocrx_word' id='word_1_906' title='bbox 795 5536 896 5595; x_wconf 87' lang='lat' dir='ltr'>Filium</span> <span class='ocrx_word' id='word_1_907' title='bbox 995 5535 1020 5609; x_wconf 81' lang='grc'>()</span> <span class='ocrx_word' id='word_1_908' title='bbox 1041 5532 1087 5592; x_wconf 86' lang='lat' dir='ltr'>Sic</span> <span class='ocrx_word' id='word_1_909' title='bbox 1102 5550 1168 5591; x_wconf 90' lang='lat' dir='ltr'>ntss.</span> <span class='ocrx_word' id='word_1_910' title='bbox 1184 5534 1220 5591; x_wconf 76' lang='lat' dir='ltr'>At</span> <span class='ocrx_word' id='word_1_911' title='bbox 1233 5532 1311 5602; x_wconf 82' lang='lat' dir='ltr'>editt,</span> <span class='ocrx_word' id='word_1_912' title='bbox 1325 5535 1446 5591; x_wconf 85' lang='lat' dir='ltr'>unitatis.</span> 
     </span>
    </p>

    <p class='ocr_par' dir='ltr' id='par_1_12' title="bbox 92 5603 1753 5754">
     <span class='ocr_line' id='line_1_63' title="bbox 95 5603 1753 5683; baseline 0.006 -22"><span class='ocrx_word' id='word_1_913' title='bbox 95 5617 144 5661; x_wconf 86' lang='lat' dir='ltr'>aut</span> <span class='ocrx_word' id='word_1_914' title='bbox 155 5607 285 5676; x_wconf 82' lang='lat' dir='ltr'>Spiritum</span> <span class='ocrx_word' id='word_1_915' title='bbox 320 5618 444 5665; x_wconf 86' lang='lat' dir='ltr'>sanctum</span> <span class='ocrx_word' id='word_1_916' title='bbox 482 5610 637 5683; x_wconf 79' lang='lat' dir='ltr'>significari.</span> <span class='ocrx_word' id='word_1_917' title='bbox 670 5608 739 5668; x_wconf 85' lang='lat' dir='ltr'>Tum</span> <span class='ocrx_word' id='word_1_918' title='bbox 782 5610 895 5668; x_wconf 83' lang='lat' dir='ltr'>uotdatn</span> <span class='ocrx_word' id='word_1_919' title='bbox 1015 5607 1025 5681; x_wconf 92' lang='lat'><strong>)</strong></span> <span class='ocrx_word' id='word_1_920' title='bbox 1087 5606 1381 5665; x_wconf 84' lang='lat' dir='ltr'>udPttr.desideratur</span> <span class='ocrx_word' id='word_1_921' title='bbox 1395 5608 1455 5664; x_wconf 82' lang='lat' dir='ltr'>niti.</span> <span class='ocrx_word' id='word_1_922' title='bbox 1471 5603 1534 5666; x_wconf 85' lang='lat' dir='ltr'>ltux</span> <span class='ocrx_word' id='word_1_923' title='bbox 1554 5609 1586 5667; x_wconf 89' lang='lat' dir='ltr'>io</span> <span class='ocrx_word' id='word_1_924' title='bbox 1601 5606 1753 5671; x_wconf 80' lang='lat' dir='ltr'>otitsetinn</span> 
     </span>
     <span class='ocr_line' id='line_1_64' title="bbox 92 5627 1428 5754; baseline -0.001 -21"><span class='ocrx_word' id='word_1_925' title='bbox 92 5677 176 5733; x_wconf 78' lang='lat' dir='ltr'>Pauli</span> <span class='ocrx_word' id='word_1_926' title='bbox 195 5679 285 5749; x_wconf 86' lang='lat' dir='ltr'>loeus,</span> <span class='ocrx_word' id='word_1_927' title='bbox 299 5693 370 5753; x_wconf 81' lang='lat' dir='ltr'>quas</span> <span class='ocrx_word' id='word_1_928' title='bbox 390 5682 438 5739; x_wconf 81' lang='lat' dir='ltr'>tn.</span> <span class='ocrx_word' id='word_1_929' title='bbox 454 5697 490 5750; x_wconf 92' lang='lat' dir='ltr'>tt,</span> <span class='ocrx_word' id='word_1_930' title='bbox 506 5698 534 5740; x_wconf 89' lang='lat' dir='ltr'>n.</span> <span class='ocrx_word' id='word_1_931' title='bbox 551 5682 587 5739; x_wconf 75' lang='lat'>53</span> <span class='ocrx_word' id='word_1_932' title='bbox 599 5682 684 5749; x_wconf 76' lang='lat' dir='ltr'>eiiii.</span> <span class='ocrx_word' id='word_1_933' title='bbox 708 5680 744 5740; x_wconf 89' lang='lat' dir='ltr'>ad</span> <span class='ocrx_word' id='word_1_934' title='bbox 764 5627 896 5754; x_wconf 48' lang='lat' dir='ltr'>{pitirum</span> <span class='ocrx_word' id='word_1_935' title='bbox 950 5677 1016 5738; x_wconf 88' lang='lat' dir='ltr'>edit.</span> <span class='ocrx_word' id='word_1_936' title='bbox 1032 5677 1067 5735; x_wconf 85' lang='lat' dir='ltr'>lta</span> <span class='ocrx_word' id='word_1_937' title='bbox 1087 5687 1148 5737; x_wconf 86' lang='lat' dir='ltr'>ettr</span> <span class='ocrx_word' id='word_1_938' title='bbox 1162 5686 1255 5751; x_wconf 79' lang='lat' dir='ltr'>potest,</span> <span class='ocrx_word' id='word_1_939' title='bbox 1270 5693 1324 5737; x_wconf 87' lang='lat' dir='ltr'>nou</span> <span class='ocrx_word' id='word_1_940' title='bbox 1368 5689 1428 5737; x_wconf 84' lang='lat' dir='ltr'>rtet.</span> 
     </span>
    </p>

    <p class='ocr_par' dir='ltr' id='par_1_13' title="bbox 95 5744 1751 5826">
     <span class='ocr_line' id='line_1_65' title="bbox 95 5744 1751 5826; baseline 0.006 -21"><span class='ocrx_word' id='word_1_941' title='bbox 95 5750 333 5821; x_wconf 76' lang='lat' dir='ltr'>suumomretoilt,</span> <span class='ocrx_word' id='word_1_942' title='bbox 348 5752 480 5824; x_wconf 88' lang='lat' dir='ltr'>penuittlt</span> <span class='ocrx_word' id='word_1_943' title='bbox 493 5754 619 5813; x_wconf 80' lang='lat' dir='ltr'>etiamad</span> <span class='ocrx_word' id='word_1_944' title='bbox 632 5754 746 5814; x_wconf 70' lang='lat' dir='ltr'>Putrem</span> <span class='ocrx_word' id='word_1_945' title='bbox 759 5752 898 5814; x_wconf 75' lang='lat' dir='ltr'>eti&#39;ilium</span> <span class='ocrx_word' id='word_1_946' title='bbox 988 5748 1174 5826; x_wconf 77' lang='lat' dir='ltr'>(illotustior</span> <span class='ocrx_word' id='word_1_947' title='bbox 1187 5766 1204 5812; x_wconf 83' lang='lat' dir='ltr'>e</span> <span class='ocrx_word' id='word_1_948' title='bbox 1217 5744 1333 5810; x_wconf 67' lang='lat' dir='ltr'>urceo</span> <span class='ocrx_word' id='word_1_949' title='bbox 1365 5747 1436 5808; x_wconf 88' lang='lat' dir='ltr'>.niri</span> <span class='ocrx_word' id='word_1_950' title='bbox 1453 5746 1582 5814; x_wconf 73' lang='lat' dir='ltr'>Dominus</span> <span class='ocrx_word' id='word_1_951' title='bbox 1595 5754 1751 5815; x_wconf 74' lang='lat' dir='ltr'>trrdmetur.</span> 
     </span>
    </p>
   </div>
   <div class='ocr_carea' id='block_1_7' title="bbox 0 0 1961 6132">
    <p class='ocr_par' dir='ltr' id='par_1_14' title="bbox 0 0 1961 6132">
     <span class='ocr_line' id='line_1_66' title="bbox 0 0 1961 6132; baseline 0 0"><span class='ocrx_word' id='word_1_952' title='bbox 0 0 1961 6132; x_wconf 95' lang='lat' dir='ltr'> </span> 
     </span>
    </p>
   </div>
  </div>
 </body>
</html>
