3884 6136
172 212 228 289 aaa

765 218 888 283 saucrr
909 220 1038 283 urrann
1056 206 1213 284 orrsco‘er

175 342 254 416 nysil,
269 341 365 414 quinto
375 340 473 398 abhinc
485 352 557 395 anno
572 351 607 405 ,a
627 338 764 395 Sotrrrnini
780 346 806 394 et
820 338 925 395 Hrsaeli
946 348 973 395 cl
987 341 1142 413 peortaneu
1153 383 1161 407 ,
1174 350 1220 397 aut
1234 351 1365 409 suspensa
1388 336 1453 395 licet
1462 332 1662 394 communionis
1674 333 1806 391 serietate
1820 377 1827 399 ,

175 434 295 491 Valentis
318 435 509 491 communione
533 448 575 488 me
591 448 652 487 curn
676 432 823 487 Gallicanis
841 432 976 502 episeopis

175 528 310 599 separavi,
324 528 426 582 indultu
442 524 549 580 caeteris
569 525 741 580 consortibus
755 538 850 579 eorum
865 523 975 595 resipis·

175 622 253 678 cctrdi
274 623 416 676 facultate:
443 627 472 674 ut
486 634 536 676 nce
560 622 635 689 pacis
664 618 773 674 abesset
784 619 909 673 noluntas
924 659 932 685 ,
948 624 977 672 et

175 713 362 784 principalium
378 711 535 767 morborum
554 710 664 777 torrida,
689 719 717 766 et
731 710 758 765 in
773 711 974 780 corruptionem

175 809 257 863 totius
267 807 390 876 certioris
402 806 521 862 membra
538 804 575 878 (a)
590 806 756 875 ptrebcieuria
770 805 974 868 nosocomorum

174 899 197 953 si
212 909 302 955 tamen
315 899 367 954 boe
378 898 466 970 ipsum
481 897 645 953 beatissimis
659 896 862 953 confessoribus
875 895 976 952 Cirrisli

174 988 278 1047 editum
293 992 432 1048 decretum
455 991 492 1063 (b)
506 998 562 1045 turn
578 1008 592 1042 a
609 989 686 1046 nobis
698 1004 807 1045 munere
817 989 974 1060 placuisset.

174 1084 255 1158 563
271 1086 307 1158 (c)
324 1087 373 1153 Qui
388 1095 482 1156 postea
497 1100 545 1153 per
563 1084 708 1140 factionem
731 1099 824 1138 eorunm
843 1082 976 1154 pseudoa-

175 1181 341 1248 postolorum
355 1177 388 1233 ad
405 1178 588 1234 biterrensem
598 1177 732 1250 synnodum
744 1178 916 1248 compulsos,
930 1191 976 1232 co·

174 1273 324 1343 portionem
339 1272 379 1341 (dl
391 1270 608 1326 iteratonstrtmdae
624 1271 703 1342 liiijus
719 1271 855 1326 intereseos
873 1270 909 1341 (c)
924 1269 976 1324 ob-

176 1364 235 1420 tuli.
248 1363 302 1421 Sed
317 1364 342 1418 bi
354 1364 481 1419 timentes
494 1363 608 1432 publicat
623 1363 814 1427 conscientiae,
827 1361 922 1417 audire
936 1362 977 1416 in·

175 1468 250 1528 gesta
277 1471 354 1511 ame
382 1457 542 1511 noluerunt:
566 1462 693 1526 putantes
727 1469 758 1510 se
792 1453 976 1510 innascentium

1027 436 1156 491 orationis
1169 436 1279 491 donnum
1304 432 1399 497 adire,
1422 438 1469 486 aul
1488 430 1548 502 paci
1561 427 1680 499 optanda
1695 441 1829 500 speraret

1026 528 1090 583 dum
1105 529 1206 584 erroris
1221 527 1435 599 indulgentiam,
1452 525 1486 582 ab
1500 522 1662 580 antichristo
1683 521 1717 577 ad
1738 520 1834 577 t'bris·

1028 628 1083 677 tum
1109 619 1146 695 (p)
1170 636 1322 686 recursum,
1347 616 1596 692 perpoenirentiam
1612 626 1833 685 praepararemus

1027 712 1101 786 (llil.
1118 714 1137 768 t.
1154 713 1185 767 dc
1200 714 1300 784 Spaod.
1317 729 1344 768 u.
1358 711 1375 765 t
1387 721 1413 766 et
1423 709 1461 781 8).

1063 808 1095 863 5.·
1106 808 1180 877 Quod
1187 811 1245 882 iurat
1267 807 1384 862 dicturus
1399 816 1452 871 eat,
1474 818 1525 859 ttorr
1539 811 1578 859 ert
1591 800 1771 873 t'rupotirrrtioe,
1786 801 1832 857 scd

1028 898 1152 954 libertatis
1167 899 1322 954 clarialimuc.
1344 928 1380 939 —
1395 897 1425 954 Si
1444 896 1505 969 quis
1520 895 1601 967 igitur
1611 890 1733 966 prudens
1749 892 1834 948 rario-

1028 1005 1090 1048 nem
1106 990 1205 1045 siierrrii
1223 992 1274 1046 mei
1293 990 1425 1061 percipit,
1450 986 1572 1058 protecto
1586 999 1630 1041 me
1648 998 1737 1056 usque
1760 998 1834 1039 nunc

1026 1084 1144 1140 reeeoris
1157 1083 1264 1154 injuria
1287 1081 1462 1138 acerbiorem
1489 1078 1676 1144 moderatum,
1694 1090 1768 1132 rruoc
1782 1074 1833 1132 de·

1027 1190 1101 1230 mum
1114 1173 1186 1230 tideli
1201 1176 1227 1230 iu
1240 1172 1348 1231 Cbristo
1363 1170 1488 1228 libertate
1500 1167 1542 1243 lb)
1564 1175 1692 1232 testante,
1710 1180 1767 1221 non
1782 1164 1834 1221 ali·

1027 1282 1081 1340 quo
1091 1269 1157 1323 titio
1172 1267 1297 1323 bumana
1308 1263 1520 1336 perturbationis
1533 1303 1540 1330 ,
1555 1262 1588 1316 ad
1603 1261 1664 1316 baec
1683 1259 1831 1316 scribenda

1027 1372 1122 1432 arguet
1135 1360 1285 1416 incitatum.
1302 1357 1393 1429 Neque
1406 1357 1479 1412 enim
1502 1355 1646 1410 institutore
1661 1351 1770 1422 loquar,
1785 1348 1832 1421 qui

1027 1453 1074 1509 diu
1087 1454 1173 1518 taetri,
1201 1467 1250 1508 nec
1272 1452 1332 1507 sine
1354 1447 1488 1505 arrodestia
1519 1446 1607 1510 tacui,
1624 1445 1668 1515 nui
1685 1440 1832 1514 aliquando

175 1565 252 1607 suam
265 1550 373 1606 cbristo
399 1565 480 1621 posse
503 1550 622 1614 nicritiri,
637 1549 660 1602 si
686 1547 808 1604 solentes
824 1547 975 1613 nescirem,
1025 1546 1080 1617 jain
1095 1547 1204 1616 biqrror:
1220 1560 1308 1615 raeque
1322 1541 1446 1614 irajarriam
1469 1554 1580 1612 queror,
1596 1538 1641 1609 qui
1656 1534 1831 1592 dissimulari

175 1645 246 1715 quod
276 1645 377 1715 gesturi
406 1642 578 1714 postmodum
604 1650 698 1697 essent
729 1644 856 1697 seientes.
888 1646 976 1711 broune
1028 1620 1181 1707 recentem,
1195 1639 1288 1709 etqui,
1307 1654 1341 1693 ne
1363 1634 1427 1707 quid
1448 1646 1575 1689 excausa
1592 1644 1652 1688 mea
1675 1628 1833 1700 torprriesis·

174 1738 272 1794 exinde
287 1745 344 1792 roro
360 1739 411 1792 boc
428 1749 550 1807 tempore
571 1736 597 1790 in
612 1737 709 1790 cnsilio
730 1735 856 1791 detentus
868 1777 875 1801 ,
888 1748 975 1806 neque
990 1744 1014 1808 pt
1029 1734 1157 1797 rimarer,
1173 1731 1204 1805 (ι’)
1221 1740 1324 1787 taurum
1347 1728 1458 1785 adtribui
1478 1726 1511 1783 ed
1525 1720 1663 1782 sitentium
1686 1722 1830 1793 temperis.

174 1830 362 1886 deuertertdum
391 1830 456 1883 nribi
480 1828 589 1884 essedo
614 1827 714 1883 Cirristi
741 1827 975 1883 corttessionede-

174 1926 257 1988 creti,
270 1936 357 1991 rreqrre
369 1921 509 1975 ltoneslam
524 1921 640 1989 antiquam
656 1920 867 1989 reprobabilem
883 1921 975 1973 ineun-

174 2013 215 2066 dao
237 2013 346 2068 unitatis
368 2015 500 2067 rationem
525 2012 607 2066 statui
632 2012 822 2081 respuendam.
852 2011 975 2081 Denique

174 2105 272 2162 exinde
293 2106 360 2160 nibil
382 2106 418 2176 H)
434 2106 460 2158 in
488 2114 611 2173 tempora
631 2104 829 2171 ntaledicmm‚
851 2103 920 2159 nibil
947 2102 974 2157 in

174 2218 245 2265 eatur,
257 2217 316 2271 quau
327 2213 382 2255 tum
395 2216 423 2254 se
433 2200 534 2255 Cirrisli
547 2199 689 2255 eeclesiam
700 2198 890 2265 urenticbatur,
903 2212 975 2252 rrurrc

173 2306 263 2352 autem
277 2294 428 2349 anticbristi
445 2301 486 2349 est
497 2306 652 2364 synagoga,
671 2296 801 2346 tatarosum
817 2305 849 2345 ae
862 2290 975 2362 dignum

173 2388 294 2458 ipsorum
310 2387 448 2456 impietate
461 2386 556 2455 scripsi
573 2426 580 2452 ,
602 2396 648 2439 am
664 2383 769 2438 locutus
789 2398 868 2438 suin:
886 2398 974 2454 ireque

174 2482 281 2538 interim
294 2479 416 2536 criminis
426 2479 487 2535 loco
507 2476 592 2545 duri,
607 2490 769 2550 quemquern
796 2485 841 2532 aur
856 2490 917 2533 cum
931 2476 974 2533 bis

174 2621 242 2677 Hisl.
258 2619 332 2675 Eeel.
347 2636 371 2674 e.
385 2619 429 2683 le,
447 2618 585 2673 Parulimrm
602 2617 784 2671 connectaris
801 2614 836 2670 ab
856 2631 906 2669 urta
924 2632 971 2688 sy-

173 2692 245 2748 uodo
259 2691 399 2747 btcdieian.
415 2691 441 2743 in
453 2689 576 2744 exsilium
593 2698 696 2742 trunsum
708 2702 768 2742 esse
779 2688 970 2742 existimarint.

174 2765 231 2820 lum
253 2763 295 2818 bis
319 2764 390 2817 adibit
412 2761 525 2816 Hubnns
541 2759 671 2814 Hilarium
695 2768 776 2828 aitque
799 2757 970 2813 Rodartium:

172 2838 218 2905 (ptri
232 2852 246 2889 a
258 2836 378 2903 Sulpicio
393 2834 495 2887 Scauro
506 2834 606 2901 pariter
620 2829 805 2900 superioribus
819 2830 972 2900 adjungun-

174 2914 226 2961 tur.
244 2906 320 2961 Unde
333 2905 489 2960 Hlattdcllus
514 2902 641 2958 Hilarium
670 2915 741 2955 arum
756 2899 809 2956 tall
823 2903 969 2971 relegamur

173 2976 276 3032 scribit.
294 2977 326 3031 lla
339 2976 386 3030 lrirs
404 2989 498 3029 ortrnes
511 2974 606 3029 exsilio
619 2973 769 3041 corrjuuxir,
783 2989 835 3026 nou
851 2985 968 3042 tempus,

1027 1828 1104 1882 b'une
1115 1827 1181 1881 utibi
1197 1840 1250 1880 trito
1262 1825 1314 1879 alia
1325 1824 1358 1879 ad
1372 1822 1517 1879 dicendum
1529 1834 1623 1888 causa,
1634 1832 1717 1889 quent
1730 1816 1830 1872 Gbristi

1027 1930 1085 1976 est:
1101 1920 1143 1975 eui
1159 1916 1242 1992 ω
1254 1926 1282 1973 et
1296 1919 1348 1972 boc
1361 1916 1455 1979 debui,
1470 1912 1543 1986 quod
1558 1926 1644 1982 usaue
1655 1924 1730 1965 nurac
1742 1910 1830 1974 tac1i3

1026 2020 1056 2069 et
1069 2012 1185 2086 (supple,
1200 2010 1255 2083 cui)
1278 2024 1313 2068 ex
1328 2010 1433 2081 reliquo
1456 2020 1500 2064 rue
1519 2005 1643 2077 intellige
1655 2002 1781 2068 debere,
1797 2014 1830 2057 ne

1026 2114 1144 2162 taceam.

1062 2200 1090 2255 t.
1106 2198 1305 2254 Persecutorum
1325 2205 1398 2269 optor
1421 2206 1545 2269 tcrrrporu.
1559 2222 1596 2235 -
1614 2191 1705 2264 Atque
1725 2190 1830 2247 elimat

1026 2290 1091 2345 illud
1105 2292 1206 2362 potius,
1223 2289 1397 2359 omnipotens
1414 2289 1483 2343 lleus
1498 2295 1525 2343 et
1540 2286 1733 2342 urtiversorum
1752 2297 1829 2338 crea·

1027 2394 1079 2454 tor,
1096 2385 1184 2440 sedet
1208 2387 1286 2440 utrius
1300 2384 1408 2441 Domini
1425 2384 1510 2440 rttrstri
1534 2383 1599 2440 lesu
1612 2382 1715 2439 Christi
1729 2389 1828 2452 pater,

1023 2480 1097 2535 utari
1112 2492 1180 2535 ineu
1193 2493 1222 2537 er
1238 2480 1356 2552 teaipnri
1369 2474 1662 2550 praetermeantem
1676 2474 1829 2533 coaatcssin-

1024 2636 1097 2677 nunc
1111 2638 1179 2678 erar
1194 2623 1228 2678 ad
1244 2623 1362 2678 Leontem
1376 2637 1401 2677 c.
1415 2637 1441 2687 r,
1461 2620 1486 2675 in
1505 2618 1724 2676 calchedonensi
1736 2618 1829 2675 conci-

1024 2692 1060 2747 Ho
1073 2702 1178 2750 scutata
1195 2704 1236 2750 est
1250 2694 1411 2758 rtrirderatio,
1425 2702 1452 2744 ut
1466 2691 1601 2747 rebellibus
1615 2702 1756 2744 tantumne
1769 2708 1827 2762 prr·

1024 2764 1151 2821 litrucr'bus
1162 2767 1193 2820 ab
1217 2766 1340 2820 Ecclesire
1357 2766 1456 2819 uuitulc
1467 2763 1592 2833 rejectis,
1621 2761 1689 2816 trultr'
1712 2772 1829 2817 correcto

1022 2838 1096 2889 uenia
1110 2848 1254 2909 raeparator.
1270 2836 1346 2906 Quod
1359 2836 1413 2890 Leo
1429 2835 1486 2904 ipso
1502 2834 1644 2905 approbat,
1663 2833 1744 2902 epist.
1760 2832 1829 2888 alias

1022 2921 1113 2974 astru,
1130 2924 1201 2965 ttuac
1217 2926 1277 2965 urit:
1292 2912 1352 2979 quio
1371 2907 1512 2960 deuotionis
1527 2916 1662 2975 utrumque
1678 2917 1716 2959 cat
1741 2905 1827 2959 cbris-

1021 2979 1108 3046 riuum,
1125 2991 1150 3033 ut
1166 2991 1187 3033 cl
1203 2982 1344 3050 partiamur
1368 2980 1460 3032 acrites
1471 2978 1546 3047 jurata
1567 2985 1701 3044 coerceat,
1728 2984 1752 3031 tt
1767 2993 1829 3031 corr-

174 3048 221 3105 sed
236 3062 316 3104 causa
329 3062 379 3103 una
393 3087 401 3112 ,
413 3046 553 3103 Attianasii
574 3045 633 3099 scil.
661 3043 769 3098 arridei
784 3043 901 3099 Nicaeam
922 3045 970 3100 de·
984 3068 1006 3133 (3
1023 3064 1109 3104 amoos
1125 3052 1237 3107 atteritur
1249 3069 1300 3106 aon
1313 3048 1432 3120 repellar.

173 3119 271 3176 leusio.

209 3189 248 3265 (a)
263 3190 350 3263 ltpad.
365 3190 425 3245 Par.
440 3230 448 3251 ,
469 3187 638 3261 proficiendo.
652 3187 681 3242 ln
701 3185 795 3242 codice
814 3185 875 3243 Hal.
892 3184 970 3252 bas,

174 3263 373 3332 proficiscentis.
390 3260 419 3317 tn
432 3258 508 3314 Colb.
526 3267 553 3312 et
568 3259 696 3324 diarria,
716 3258 874 3327 profitentia.
887 3254 973 3312 Halu-

173 3349 236 3389 mus
246 3349 306 3389 cum
322 3334 392 3394 aliis,
409 3330 580 3401 proficientia.
595 3330 715 3399 Namque
728 3340 756 3382 ur
769 3330 795 3383 in
811 3331 921 3396 borram,
936 3332 971 3384 ita

173 3413 202 3460 et
217 3408 242 3459 in
258 3405 355 3460 matam
373 3415 475 3473 perlem
505 3401 606 3456 Hilario
634 3401 767 3455 tartriliare
792 3411 833 3454 est
858 3400 970 3456 verbum

175 3478 309 3548 prolicere.
323 3476 408 3542 ermn
421 3473 512 3528 scierit
527 3474 598 3528 inter
613 3472 714 3541 lepram
731 3480 758 3527 ct
774 3472 887 3542 lepram,
900 3471 971 3528 iuter

173 3548 298 3603 sedaturus
314 3562 344 3601 ac
358 3545 514 3600 seductores
535 3544 650 3599 briannus
671 3540 828 3613 dijudicare,
847 3544 897 3598 boc
911 3541 972 3598 loro

173 3620 284 3690 prnbat;
299 3618 422 3686 qrrauuris
437 3618 549 3670 Erasmo
569 3615 648 3670 aliter
662 3616 779 3669 scribere
795 3615 934 3683 placuerit.

209 3689 247 3764 (1)
261 3693 371 3759 Septem
390 3703 455 3742 mss.
471 3687 541 3741 edita
567 3686 669 3740 decretu
684 3696 747 3738 tunt.
772 3687 825 3742 Alii
848 3686 901 3741 duo
917 3686 972 3739 cdl-

174 3772 228 3817 tum
239 3765 378 3828 decreram,
394 3760 453 3813 sine
465 3759 593 3826 inerticula
609 3767 671 3811 tatu.
689 3756 796 3811 Decrcli
812 3757 892 3826 lartius
906 3772 971 3811 cirra-

1059 3119 1096 3194 (ι)
1112 3122 1193 3187 Editi,
1205 3123 1296 3190 utribus
1314 3131 1401 3192 postea
1415 3136 1424 3174 .·
1440 3136 1502 3174 roos
1520 3118 1609 3187 uad,
1626 3119 1684 3185 Er„
1709 3117 1773 3174 uta.
1801 3129 1831 3175 et

1023 3189 1095 3260 tans
1111 3232 1118 3256 ,
1132 3196 1167 3248 ad
1187 3194 1348 3250 Biturenscm
1365 3194 1492 3264 synodum
1511 3191 1665 3261 compartum
1695 3190 1760 3245 Par.
1774 3191 1830 3259 ,nd

1022 3260 1336 3338 Helbetrnsrmsynodum
1350 3264 1505 3332 cortlputsr's:
1517 3263 1696 3317 eiaiendaurur
1709 3276 1743 3317 ex
1757 3277 1827 3317 mss.
1901 3326 1918 3335 ·

1023 3336 1148 3403 eutrilms
1161 3336 1209 3391 soli
1236 3336 1343 3392 Harlin.
1360 3345 1387 3390 et
1411 3330 1488 3389 CllHl.
1504 3332 1626 3399 babent,
1648 3348 1664 3387 a
1691 3332 1831 3405 Bprerensi

1022 3407 1121 3476 agricolo
1136 3409 1304 3478 conrpulaus:
1324 3406 1413 3461 atinus
1432 3420 1505 3461 rere.
1533 3404 1650 3460 Hilarius
1673 3404 1720 3458 bic
1732 3407 1831 3473 paucis

1023 3479 1178 3549 perstringit
1192 3480 1236 3549 (μή
1249 3479 1283 3533 ad
1299 3478 1480 3533 biterrensem
1493 3477 1628 3548 synodum
1639 3490 1685 3531 an.
1702 3476 1759 3531 abu
1784 3493 1832 3533 re-
1882 3494 1925 3509 ··

1023 3550 1105 3615 nerir,
1121 3559 1177 3606 tunt
1192 3550 1255 3621 quiid
1270 3551 1296 3606 iu
1308 3566 1338 3605 ea
1354 3549 1480 3620 gesserit,
1493 3563 1525 3604 ae
1537 3548 1644 3603 taatdent
1665 3544 1704 3603 ob
1716 3542 1830 3618 quidex

1023 3630 1054 3673 ea
1069 3621 1094 3673 in
1109 3624 1232 3678 exsilium
1249 3622 1341 3691 pttlsus
1353 3622 1398 3675 ait.

1060 3690 1100 3763 (d)
1117 3694 1234 3749 Verbum
1261 3690 1492 3756 delricustrrmdte,
1513 3690 1548 3747 ab
1567 3688 1683 3746 Emeum
1707 3691 1831 3761 prinlum

1023 3774 1186 3833 expunctum
1199 3806 1206 3830 ,
1221 3764 1387 3819 restituturus
1399 3778 1433 3817 ex
1448 3760 1513 3818 bad.
1529 3772 1556 3819 et
1582 3776 1648 3816 mss.

173 3835 253 3889 dendi
269 3833 397 3888 Hilarium
413 3840 550 3884 auctorem
566 3834 731 3899 precipuum
744 3831 880 3883 exstitisse
895 3829 972 3884 ratae
1059 3835 1095 3906 (e)
1112 3836 1301 3891 Martinianum
1319 3834 1458 3905 exertrplar
1469 3848 1530 3887 cum
1544 3833 1622 3889 calb.
1636 3874 1644 3898 ,
1659 3833 1830 3891 audientibus

174 3906 313 3974 probabile
327 3910 378 3957 cst.
395 3903 422 3956 in
437 3902 507 3955 ttuuc
522 3901 608 3956 locum
622 3899 692 3954 lrarrd
707 3898 787 3954 dubie
802 3900 910 3969 respicit
922 3898 972 3954 Fa·
1023 3906 1112 3960 ntum,
1129 3908 1182 3960 spu
1193 3908 1219 3961 pt
1235 3908 1349 3961 tamenn,
1360 3904 1472 3978 propriu
1479 3904 1640 3959 conscientian
1650 3906 1766 3974 ponant,
1781 3922 1832 3960 nn.

173 3978 277 4032 condus·
291 3973 429 4029 Hermian.
446 3974 523 4041 epist.
547 3972 580 4026 ad
597 3971 747 4026 ,illiciamini
764 4013 770 4031 ,
787 3971 830 4024 artri
845 3984 905 4026 cirin
918 3972 969 4036 iis,
1023 3980 1088 4045 dire,
1105 3986 1157 4033 arc.
1182 3979 1264 4047 tragus
1289 3977 1378 4047 placet
1391 3992 1452 4031 curu
1472 3975 1555 4040 aliis,
1575 3976 1693 4031 timenter
1714 3976 1832 4048 publicat

173 4050 218 4117 qui
234 4046 454 4103 Calchedonease
466 4045 611 4099 conedimn
629 4044 829 4113 irnpupnabaot,
847 4059 971 4097 coruum·
1023 4051 1204 4114 canonicariae,
1219 4050 1333 4118 supple,
1349 4048 1479 4119 trinniscttt'
1498 4049 1566 4117 fieri.
1586 4048 1665 4103 Hutte
1685 4062 1767 4103 sunm
1795 4049 1831 4104 u.

174 4119 280 4173 trionem
305 4134 358 4171 tum
387 4115 605 4170 ineumlamesse
634 4115 888 4176 critrlutldttltS,bltl
913 4112 972 4167 Hoc
1024 4121 1377 4191 trrttremjamabarttmstl
1415 4118 1831 4188 riOt'epl'ttHidt‘tttttt;lleretttee

173 4205 231 4242 curu
240 4189 292 4242 auia
301 4187 405 4258 collcpis
423 4186 538 4240 Hilarius
549 4187 617 4255 fecit,
635 4186 679 4252 aad
690 4185 761 4238 rmllo
770 4185 853 4239 adbuc
866 4187 891 4238 in
907 4201 972 4251 pair·
1023 4194 1088 4246 ernian
1100 4192 1188 4261 populi
1195 4192 1324 4265 judicium
1338 4206 1352 4244 e
1366 4135 1500 4243 Hfforirrico
1516 4188 1549 4243 od
1570 4190 1695 4261 potorium
1708 4194 1825 4246 trannin.

169 4261 298 4327 judiciam
324 4258 426 4311 ilberti
450 4258 553 4309 roraritii
587 4258 738 4325 procedente
764 4256 882 4321 decreto,
909 4272 971 4309 carru
1023 4267 1143 4327 rantuli
1165 4266 1279 4333 legimus
1302 4262 1375 4318 titur
1396 4261 1428 4316 ad
1450 4256 1636 4316 Constantium
1654 4260 1737 4327 n.8‚
1763 4277 1830 4318 cum

174 4331 257 4401 prr'rrm
269 4329 457 4382 centuriatorum
466 4328 600 4380 tuolimr'uu
608 4329 971 4396 prtrsuruprisscut,pr·opcru-
1023 4344 1116 4391 unntnn
1133 4335 1249 4390 blatan-ius
1264 4333 1330 4389 nituit
1344 4335 1429 4403 mangis
1447 4335 1473 4386 in
1483 4332 1551 4386 norit
1568 4333 1690 4388 innueret,
1706 4332 1765 4388 nnc
1781 4334 1828 4388 Bp.

174 4413 261 4456 rerum
277 4400 307 4452 ab
321 4414 406 4452 rorum
420 4414 447 4451 se
468 4398 646 4451 communione
670 4397 789 4449 diuidere.
814 4399 967 4451 l'luseulmn
1024 4407 1104 4461 tenuis
1117 4406 1235 4460 ‚tunulum
1246 4407 1333 4469 exsul,
1345 4406 1396 4459 unu
1407 4406 1483 4458 nuent
1493 4404 1729 4475 munsuntnrnnnpntu
1744 4406 1829 4462 ent„

174 4478 263 4527 laruert
280 4472 303 4526 ei
318 4468 450 4549 attribute
466 4466 523 4521 Non
544 4468 615 4547 cuitu
634 4469 733 4549 ortaria!
748 4466 867 4521 morbida
883 4484 968 4523 tuem·
981 4456 1007 4516 D
1021 4476 1134 4547 ung-nuit,
1152 4489 1180 4530 nt
1195 4479 1227 4531 ,ln
1243 4477 1295 4531 [tuln
1309 4479 1355 4530 turb
1375 4474 1477 4548 publica
1500 4477 1655 4531 conuenientia
1668 4475 1827 4532 disserendi

173 4548 221 4598 litt
235 4546 363 4606 desecti,
380 4538 426 4595 ⁵0¹¹
441 4554 467 4593 ¹l¹
483 4550 672 4610 ⁶⁰tt¹lltlt⁰lttm
687 4548 765 4592 ¹⁰¹³*st
779 4540 968 4609 101110118110·
1022 4548 1133 4602 l'acnltas
1146 4550 1196 4603 sibi
1211 4549 1330 4603 datrittur.
1346 4546 1422 4616 erod
1448 4546 1541 4601 briarii
1562 4553 1722 4602 resistenter
1736 4546 1828 4604 reler-

173 4617 285 4685 ficiemiu
300 4654 307 4678 ,
323 4626 379 4666 tros
399 4611 459 4667 scil.
480 4612 622 4681 episcopos
638 4610 793 4664 diruuntur:
808 4623 896 4680 nenne
917 4611 968 4666 boc

172 4691 263 4743 statim
279 4696 340 4756 post
362 4684 444 4755 prirua
460 4699 553 4739 eorum
581 4681 735 4747 moliminat
756 4681 802 4737 sed
826 4692 968 4753 postquam

173 4756 366 4813 Hrdiolauensi
381 4755 484 4827 syuodo
496 4753 630 4825 prosecuti
642 4761 716 4819 situl,
729 4754 800 4824 qtuul
816 4756 967 4810 arelatum-i

173 4826 289 4901 priumm¹
311 4836 456 4883 tentarant.
478 4825 534 4880 Etsi
553 4826 617 4879 latet
631 4840 664 4880 an
684 4824 736 4879 bite
750 4826 889 4880 decrelmn
904 4840 969 4880 con-

170 4901 305 4955 lirmarint
315 4900 400 4955 uarrcli
413 4897 594 4958 uiolassnros,
605 4906 678 4951 certe
689 4911 742 4951 non
754 4898 833 4951 aliam
847 4898 967 4967 regulam

173 4976 256 5028 securri
272 4983 344 5034 suru,
362 4970 406 5041 qui
422 4986 465 5024 atu
482 4970 535 5025 aba
553 4969 722 5023 Alerandriau
748 4972 913 5040 caritura-gali,
929 4972 966 5024 uti

173 5053 265 5099 rrarrar
279 5043 400 5104 Rrrtinus,
420 5043 463 5095 tib.
479 5057 498 5101 t¹
513 5056 572 5111 capr.
586 5041 631 5106 28,
644 5049 810 5103 satlxetllrlt,
823 5051 848 5092 ut
867 5051 966 5095 lentatur

172 5117 289 5186 perpldioe
301 5114 447 5167 oracloribus
457 5114 606 5182 urrrpulotie,
619 5113 723 5183 reliquis
735 5112 908 5167 sacerdotibus
920 5114 968 5168 du·

171 5198 242 5241 retrtr
255 5189 336 5257 optio,
351 5187 372 5240 sr'
388 5184 550 5256 pertrutinat,
560 5184 679 5258 abjurato
691 5200 778 5239 errore
789 5184 914 5255 perfidiae.
930 5185 965 5238 ad

172 5258 250 5327 fidem
269 5271 371 5331 potrum
384 5265 527 5327 statutaque
541 5258 662 5311 corruerat.
679 5255 783 5312 Deinde
798 5296 805 5318 .
822 5258 861 5313 uti
874 5255 964 5326 innui·

173 5330 411 5455 trtrltirranpmus,
427 5325 495 5381 blat.
508 5326 608 5382 (lotrlra
619 5326 718 5390 errH.,
731 5342 849 5383 attenuare
860 5338 897 5382 eat
906 5328 967 5381 baie

172 5404 300 5457 sententio:
343 5400 458 5466 cuidem,
478 5409 501 5452 cl
515 5413 560 5470 per
579 5410 630 5453 tum
645 5401 815 5454 accessorium
833 5399 968 5455 conciliarat

172 5483 270 5527 seleuce
281 5474 399 5542 lacubus
415 5471 524 5524 brandus
546 5480 648 5541 ereptus
669 5482 716 5525 est.
742 5470 780 5526 tta
795 5472 968 5527 innocentius

173 5557 240 5612 papa
252 5551 342 5614 patres
352 5543 457 5599 concilii
482 5539 626 5597 Hileritani
646 5543 745 5668 reputa.
766 5543 855 5598 eidem
876 5542 969 5597 aebu-

172 5625 263 5670 reutes
276 5616 418 5671 eiirrtirmat
440 5615 482 5667 bis
496 5613 601 5668 uerbis:
620 5612 654 5669 Ht
688 5630 763 5669 urum
776 5615 888 5669 arbitror
907 5630 968 5668 eoa·

171 5687 309 5740 rtiruutiam
317 5695 438 5756 pratitae
447 5684 625 5753 percuntibus:
639 5689 677 5741 itu
689 5687 796 5758 impium
804 5686 897 5760 judica
914 5698 969 5740 ruo-

173 5770 236 5811 rumr
248 5770 341 5828 nepem
349 5756 487 5812 martreio.
504 5756 541 5813 Ea
553 5770 661 5828 qnoque
679 5756 772 5815 uene
790 5764 871 5826 term,
887 5758 968 5829 epist.

1022 4620 1163 4685 midamcs,
1179 4636 1241 4676 curn
1259 4629 1320 4689 post
1333 4624 1446 4688 primam
1459 4621 1617 4687 petitionem
1631 4620 1657 4673 itt
1671 4618 1825 4687 eutitium,

1022 4702 1081 4762 post
1092 4694 1205 4747 alteram
1221 4695 1247 4744 io
1262 4692 1376 4760 patriam
1389 4690 1532 4745 arriserunt.

1056 4784 1091 4858 (0
1107 4784 1185 4849 baa,
1203 4783 1287 4839 Emer
1303 4784 1362 4838 Hir.
1382 4798 1444 4839 eum
1467 4798 1533 4839 ntis.
1550 4783 1826 4854 ,irttrutpore.'1'rrm

1020 4872 1054 4912 cx
1069 4859 1110 4911 bis
1121 4856 1194 4920 duo,
1211 4856 1372 4910 irraledicum.
1388 4854 1436 4909 His
1451 4854 1542 4909 vorbis
1558 4870 1588 4909 se
1614 4858 1778 4925 praestitisse
1788 4858 1823 4913 si-

1018 4927 1137 4999 guificat,
1154 4925 1225 4995 uland
1247 4928 1295 4982 Hb,
1312 4943 1326 4980 x
1348 4926 1381 4981 de
1395 4923 1493 4980 Trinit.
1525 4942 1553 4979 n.
1580 4924 1597 4980 t
1617 4937 1824 4997 proposuerat,

1020 5001 1064 5055 ubi
1078 5004 1130 5053 air:
1147 4997 1186 5052 De
1196 4999 1349 5073 temporibus
1364 5014 1415 5052 riou
1430 5012 1577 5068 querelatur,
1591 5006 1647 5054 ete.

1055 5092 1094 5166 (p)
1111 5095 1193 5160 Ediri,
1203 5094 1409 5148 recurrentium:
1421 5092 1605 5148 obnitentibus
1614 5093 1745 5151 «minibus
1755 5108 1823 5149 mss.

1018 5168 1115 5235 (prailius
1129 5168 1202 5220 taret
1215 5165 1278 5221 illud
1292 5181 1352 5233 cap.
1369 5168 1387 5219 2
1401 5164 1428 5219 lu
1444 5164 1550 5231 blarru,
1564 5181 1591 5219 u.
1603 5165 1631 5231 H,
1647 5165 1693 5220 ubl
1705 5181 1755 5236 per
1767 5174 1825 5236 pte·

1018 5239 1155 5290 nitentium
1168 5237 1306 5292 restitaret
1317 5252 1402 5291 errore
1410 5246 1432 5289 el
1443 5250 1560 5290 temerat
1570 5253 1585 5290 u
1595 5237 1703 5290 emmim
1711 5237 1827 5292 essedi-

1019 5320 1098 5363 crtur.
1112 5309 1177 5363 Turn
1198 5319 1312 5379 quatuor
1327 5324 1393 5364 mss.
1411 5322 1598 5378 praeparabam:
1610 5307 1656 5363 alii
1670 5306 1739 5375 duo,
1753 5324 1825 5378 prte-

1087 5397 1110 5432 Hl
1146 5421 1152 5434 .

1021 5396 1097 5577 Ἥ
1109 5397 1142 5506 ff
1148 5466 1213 5506 mss.
1225 5449 1302 5507 Colb.
1314 5461 1342 5506 ct
1354 5451 1472 5517 Harum,
1481 5451 1596 5506 libertate
1604 5459 1714 5505 dautem
1726 5466 1737 5505 .·
1747 5449 1825 5523 quod

1020 5522 1075 5577 Bm
1098 5524 1157 5578 inus
1172 5540 1204 5578 ae
1220 5523 1343 5579 Latinius
1356 5524 1570 5595 legendumesse
1581 5521 1787 5593 eoujectaruut.

1055 5612 1087 5687 (l)
1103 5614 1179 5686 bpud
1191 5615 1265 5686 Lips.
1280 5624 1309 5672 et
1321 5614 1384 5671 Par.
1398 5656 1405 5681 ,
1428 5624 1512 5670 laurea
1522 5612 1629 5668 adtribui
1642 5612 1678 5666 ort
1690 5613 1825 5669 sitentium

1021 5696 1129 5768 lampat.
1151 5686 1260 5771 Rectius
1273 5688 1332 5743 aliis
1347 5688 1374 5742 in
1396 5685 1488 5771 libris,
1513 5694 1658 5769 tautum...
1675 5686 1825 5757 lantperte,

1020 5757 1080 5815 sud.
1092 5757 1310 5830 qaradrrenruum,
1321 5758 1394 5830 qaod
1404 5772 1460 5833 pam
1476 5772 1503 5816 tn
1513 5756 1763 5829 exartationem.
