3884 6136
135 172 184 229 stt

589 162 623 220 itt
644 157 857 219 FRAGMENTA
871 153 995 215 sancti
1009 152 1140 212 lithRll
1153 154 1307 215 nrtscoet

1733 153 1789 210 bii

170 285 216 342 55.
238 282 369 338 Generalis
388 278 588 336 Ariminensium
611 277 719 331 Petrum
741 275 849 347 defectio
872 273 933 344 quid
946 277 971 335 Α
985 271 1104 328 recentia
1124 290 1133 324 t
1159 271 1332 343 profanarum
1347 270 1495 324 novitatum
1517 267 1667 339 apostolica
1689 269 1790 342 prohi-

135 393 183 433 nes
197 373 371 430 doceor-ht
384 386 450 428 reru
460 369 593 441 gerneralis
604 361 681 423 'itlius
695 367 933 423 circumventionis

136 467 312 525 ecelesiastici
326 464 428 520 ordinis
442 471 470 517 et
481 462 557 532 quasi
570 477 602 516 cx
617 472 760 530 crtrnpacto
774 459 934 515 delectionis

136 555 318 614 consideratio
331 568 411 624 quum
428 553 500 608 utilis
514 560 542 608 et
564 552 626 607 lutic
646 558 740 606 nostro
760 551 859 606 seculo
873 559 933 619 apta

137 664 177 709 est
191 657 198 707 ι
211 651 251 706 Ex
271 664 302 705 ea
317 649 388 703 enim
404 648 483 717 plane
498 646 659 701 instruimur
685 660 764 716 quam
785 644 856 698 murti
878 643 933 698 cir·

137 743 337 813 cutnspeetique
350 756 411 795 curn
427 737 562 794 haereticis
583 746 729 792 tractantes
752 750 813 790 csse
835 733 935 790 debea-

136 851 213 901 mus,
227 842 256 890 ιι
269 832 361 905 quanti
387 832 498 903 periculi
515 833 579 887 sita
599 830 739 895 tumninio,
768 844 835 899 quos
852 829 934 883 luxere

139 929 246 992 Patres,
261 925 305 983 uel
326 940 442 994 unguem
458 924 541 979 latum
565 920 714 977 discedere.
733 919 799 975 Nam
818 919 884 975 boni
896 917 934 972 illi

119 1062 122 1066 »
136 1022 231 1078 Ριιιιι
242 1018 306 1074 dum
320 1017 404 1073 nudas
418 1017 560 1088 quasdam,
573 1024 602 1070 ιι
611 1014 647 1069 ab
660 1014 768 1069 hriattis
779 1012 934 1083 persuaderi

136 1114 188 1171 sibi
204 1113 346 1176 sinebant,
372 1114 462 1172 οὐσίας
486 1115 529 1166 καὶ
542 1110 677 1170 ὁμιοισιου
692 1108 802 1163 voculas
826 1107 853 1161 irt
874 1104 936 1161 ftdei

137 1204 307 1275 professione
322 1204 409 1259 omitti
426 1203 591 1273 pessimat,
608 1200 785 1255 sanctissimae
795 1197 936 1252 Trittitatis

136 1312 197 1368 quae
213 1296 284 1350 beus
308 1305 350 1350 est
364 1293 585 1358 confessionem,
606 1291 633 1347 id
648 1301 708 1354 est,
723 1306 856 1346 sumniam
871 1289 934 1343 reli·

135 1390 265 1461 glanem,
282 1402 331 1458 pro
354 1401 407 1458 qua
428 1384 613 1442 conservanda
636 1396 739 1440 tantum
765 1382 934 1456 sarrtgninisa

136 1479 246 1537 Christo
260 1487 323 1534 nato
337 1480 457 1535 Ecclesia
473 1478 639 1546 profuderat,
652 1486 691 1532 tot
705 1485 839 1549 utartyres
852 1474 936 1530 dede-

136 1582 195 1640 rat,
218 1571 269 1627 sibi
283 1580 404 1642 ereptant
428 1582 509 1640 atque
522 1580 656 1626 extortam
671 1585 733 1626 sero
753 1570 863 1626 taudem
877 1567 937 1623 ani-

985 365 1088 421 bitionc
1098 381 1179 421 nemo
1196 379 1278 420 sanus
1289 363 1423 419 exrlrtdat.

1020 459 1065 515 st.
1089 460 1173 526 Quem
1187 458 1310 513 Ecclesiae
1334 472 1388 511 eure
1408 456 1536 511 laboranti
1550 472 1602 509 non
1616 454 1683 509 desit
1704 451 1787 507 Deus.

987 552 1063 608 iluna
1084 554 1157 624 erigit
1170 551 1312 615 lulianus,
1328 567 1386 604 cunr
1400 551 1503 604 rnitrnut
1515 551 1572 622 ejus
1584 548 1739 603 meditetur.
1753 573 1788 585 ι-

985 632 1045 703 la'tm
1068 661 1133 701 rero
1147 645 1193 716 qui
1208 644 1303 700 laciem
1319 642 1461 705 Ecclesiae,
1474 641 1563 713 qualis
1577 642 1610 696 ab
1626 640 1670 696 illa
1692 639 1789 697 defcc-

987 738 1061 792 tione
1076 737 1195 798 erstitit,
1210 735 1307 804 turbis,
1323 734 1400 801 riuis,
1414 733 1652 801 contentionibus,
1665 732 1791 790 discidiis

986 828 1086 900 ubique
1099 828 1250 893 confusam,
1263 827 1379 882 laceram
1393 834 1475 897 atque
1489 824 1663 895 dissipatam,
1679 825 1735 881 sibi
1755 826 1791 880 ob

988 922 1083 976 oculos
1104 920 1244 984 statuerit,
1261 933 1313 974 non
1337 917 1428 972 ntittus
1454 928 1551 973 tuuca
1574 917 1631 972 suis
1652 916 1791 987 episcopis

986 1026 1067 1083 quam
1096 1008 1176 1081 paulo
1204 1019 1300 1066 autca
1325 1007 1475 1079 conjuratis
1501 1007 1618 1063 nominis
1644 1006 1789 1063 christiani

987 1104 1267 1171 ltostibusveratam,
1282 1103 1375 1174 inqua
1395 1118 1446 1158 nec
1464 1101 1599 1158 antistites
1621 1102 1687 1173 quid
1708 1101 1791 1157 doce·

987 1207 1065 1265 rent,
1084 1213 1134 1254 uec
1155 1198 1248 1268 plebes
1261 1196 1325 1266 quid
1340 1204 1519 1267 sequerentur
1537 1197 1588 1251 rati
1602 1210 1635 1252 ac
1653 1195 1728 1251 furum
1743 1197 1791 1251 ba·

988 1293 1100 1358 beraut,
1115 1292 1233 1362 denique
1247 1291 1316 1346 adeo
1338 1290 1508 1360 desperatam
1534 1306 1566 1346 ac
1588 1290 1746 1360 perditam,
1762 1297 1792 1344 ut

987 1385 1167 1441 sanctissimis
1178 1386 1243 1439 viris
1254 1382 1482 1447 Neronianorum,
1498 1381 1690 1445 beciauorutn,
1707 1380 1791 1436 blati-

987 1480 1195 1548 miauurumque
1220 1485 1372 1544 tentporum
1393 1473 1557 1529 desiderium
1576 1474 1706 1530 excitaret
1722 1472 1792 1542 (lii-

991 1572 1041 1627 ior.
1057 1572 1084 1625 iu
1099 1568 1189 1624 Consi.
1201 1586 1228 1622 n.
1240 1566 1287 1639 d);
1303 1566 1449 1634 statimque
1459 1565 1559 1620 mentis
1570 1567 1657 1621 aciem
1671 1565 1706 1620 ad
1718 1565 1792 1621 suhi·

135 1662 320 1718 madvertunt.
335 1661 443 1731 Quanto
460 1660 555 1717 fortius
570 1661 783 1733 prudentiusque
796 1670 859 1716 ante
878 1659 934 1715 vim
949 1667 974 1727 Β
989 1674 1042 1721 tam
1063 1665 1137 1719 illam
1160 1661 1383 1731 repentiuarnquc
1396 1660 1573 1714 mutationem
1597 1673 1709 1723 rerum,
1731 1673 1793 1729 quae

136 1755 239 1812 illatam
255 1756 336 1812 iidem
361 1757 410 1826 ipsi
437 1755 612 1820 definierant,
628 1756 662 1811 iis
683 1772 743 1826 quae
767 1754 871 1827 synodo
886 1753 933 1809 ttr-

93 1835 95 1841 ’
139 1863 213 1904 caena
229 1855 329 1903 statuta
349 1855 427 1903 erant
446 1863 497 1903 uec
511 1847 572 1902 addi
589 1845 733 1917 quidquam
747 1845 863 1909 debere,
886 1859 935 1899 nec

136 1939 260 2007 detralti3
279 1948 307 1995 et
326 1940 483 1996 substantiae
499 1956 613 2002 nomen,
629 1948 656 1995 et
670 1953 728 1995 rem
743 1952 819 1993 suam
835 1936 936 1994 debere

136 2031 259 2086 obtinere
270 2029 424 2087 firmitatem
434 2029 596 2103 (Fragment.
613 2046 662 2097 ιιι,
679 2047 706 2085 u.
720 2031 746 2096 5,
760 2039 783 2084 ct
797 2034 934 2101 [reputaret.

136 2122 222 2193 riuti?

172 2213 219 2267 titt.
227 2212 401 2267 Consiliorum
408 2215 543 2268 tteeesaitur
556 2214 591 2267 etl
604 2212 935 2284 qnid.—-Fallttttlurenim

137 2320 242 2369 errore,
255 2312 283 2357 at
293 2320 335 2371 pte
350 2321 399 2361 nos
415 2305 441 2358 in
453 2306 578 2360 eumdem
593 2320 684 2360 secum
699 2321 818 2361 errorem
833 2315 936 2374 pertra-

138 2397 206 2454 here
219 2409 365 2461 conautur‚
376 2397 423 2468 qui
435 2397 598 2466 persuadere
610 2399 731 2467 cupiunt,
744 2397 770 2452 in
783 2398 826 2452 bis
840 2398 937 2468 quibus

138 2504 280 2545 rersrtmur
300 2489 457 2559 opinionum
479 2488 625 2559 procellis,
644 2488 791 2544 Ecclesiam
813 2500 843 2543 ut
865 2489 937 2558 «guod

137 2580 280 2651 potissime
290 2580 366 2649 sequi
378 2579 476 2636 debeat
488 2579 651 2646 stabiliatur,
663 2577 790 2634 conciliis
803 2577 936 2648 indigere.

138 2674 268 2742 Quamvis
278 2672 350 2729 enim
362 2673 476 2730 fortasse
486 2673 560 2729 nullo
573 2688 700 2742 umquam
713 2664 845 2742 tempore,
857 2686 937 2742 quam

139 2781 213 2822 nune
235 2775 316 2830 sunt,
339 2766 492 2821 necessaria
516 2764 780 2835 ntagisettstiterunt
802 2763 937 2829 concilia,

139 2858 238 2931 quibus
257 2873 364 2931 sponsae
385 2857 503 2923 Christi,
526 2872 606 2927 quam
630 2858 688 2928 ipse
717 2857 767 2913 sibi
793 2860 860 2913 emit
883 2874 938 2914 nott

142 2952 260 3006 aurailus
272 2950 363 3016 undis,
379 2950 427 3005 sed
444 2951 525 3004 totins
540 2949 754 3005 innocentissimi
769 2949 811 3004 sui
827 2949 938 3021 sangui·

989 1769 1052 1810 mort
1075 1752 1234 1809 Constantio
1257 1751 1401 1817 defuncto,
1424 1749 1615 1820 revocatisque
1637 1749 1702 1805 nori
1718 1750 1793 1820 prin-

987 1848 1057 1918 cipis
1078 1846 1169 1902 edicto
1193 1848 1221 1900 iu
1244 1843 1367 1915 proprias
1380 1844 1459 1898 sedes
1483 1844 1517 1898 ab
1537 1840 1634 1898 exsilio
1655 1842 1792 1914 episcopis

988 1950 1083 1996 secuta
1097 1951 1138 1994 cst
1154 1955 1161 1992 ε
1176 1948 1252 1993 certe
1264 1945 1393 2007 agnoscet
1409 1935 1552 1990 bominum
1573 1935 1708 1989 laboranti
1724 1952 1792 2007 apo·

987 2034 1119 2090 stolorum
1142 2031 1272 2087 uaricula·
1287 2039 1387 2100 presto
1399 2028 1547 2097 adstitisse,
1563 2037 1590 2083 ιι
1612 2029 1714 2083 ιιιιιιιι·
1736 2045 1793 2086 ιιι

988 2125 1138 2196 Maiestatis
1164 2121 1307 2191 prasentia
1336 2123 1536 2190 quassationem
1570 2120 1791 2176 illam-sedasse.

990 2219 1104 2275 Moritur
1129 2217 1196 2271 enim
1221 2216 1317 2272 bestie.
1334 2212 1614 2284 ittquitllierouyutus
1638 2212 1794 2284 (Aduersus

990 2310 1132 2382 Lucifer),
1142 2320 1165 2362 et
1181 2308 1354 2379 tranquillitos
1366 2306 1441 2361 redit.
1452 2304 1487 2360 El
1496 2320 1562 2361 sane
1571 2305 1670 2368 πολλὰς
1683 2311 1728 2362 καὶ
1739 2329 1793 2365 πα-

989 2404 1111 2482 ραδόξους
1125 2401 1199 2464 ἔδιὺς
1211 2405 1342 2479 σωτηρίας
1356 2397 1406 2458 ιῖδι
1421 2402 1451 2457 τὸ
1465 2402 1532 2456 θεῖον
1545 2405 1794 2458 sermoncinatione

990 2499 1055 2572 πρὸς
1067 2496 1251 2572 principantes.

1027 2590 1093 2656 Quis
1107 2592 1179 2642 enim
1196 2601 1322 2658 umquam
1336 2585 1474 2661 crederet,
1496 2586 1547 2642 nisi
1560 2586 1682 2642 omnium
1699 2596 1795 2642 aucto·

990 2695 1050 2734 runt
1066 2679 1122 2734 fere
1148 2680 1206 2749 eius
1222 2679 1313 2734 secuti
1330 2679 1427 2735 litteris
1450 2687 1576 2734 testatum
1598 2679 1679 2735 uobis
1701 2688 1794 2749 esset,

990 2769 1139 2826 draconem
1157 2771 1234 2826 illum
1249 2781 1399 2842 apostatam
1418 2770 1579 2840 lulianum,
1594 2771 1715 2829 hiemem
1736 2789 1796 2828 ma·

994 2879 1074 2935 gtram
1090 2865 1123 2920 de
1143 2878 1194 2935 qua
1209 2864 1303 2931 isaias,
1321 2876 1402 2936 atque
1413 2865 1573 2939 Assyrium.
1589 2866 1636 2938 qui
1650 2867 1718 2922 nihil
1742 2876 1797 2923 tam

992 2971 1025 3011 ex
1049 2957 1164 3027 imperio
1189 2957 1379 3025 concupierat,
1403 2975 1483 3030 quam
1500 2971 1528 3014 ut
1543 2961 1704 3031 religionem
1725 2961 1800 3017 chri-

144 3045 187 3098 ιιι
202 3042 358 3113 profusione
371 3082 378 3107 ,
389 3040 423 3097 ab
437 3041 540 3096 arttbitu
553 3083 561 3109 ,
576 3041 709 3106 auaritia,
726 3041 939 3107 nutrtdinatione,
954 3040 978 3104 C
994 3047 1109 3117 stiauarn
1125 3049 1242 3104 funditus
1260 3049 1403 3116 perderet,
1419 3049 1452 3105 ad
1465 3066 1545 3121 quam
1556 3052 1751 3122 evertendam,
1768 3062 1800 3109 ut

142 3134 313 3206 ignorantia,
328 3148 489 3202 morumque
510 3132 638 3201 spurcitia
658 3141 738 3202 atque
761 3131 939 3188 obscoenitate

140 3227 284 3283 vindicatae
299 3225 433 3296 genuinus
458 3225 534 3280 color
558 3240 589 3280 ac
613 3224 739 3295 splendor
760 3225 937 3289 restituatur,

142 3320 283 3390 disciplina
302 3320 369 3383 illa,
387 3333 466 3388 quatu
482 3316 606 3387 Apostoli
622 3316 708 3388 etqui
723 3318 757 3370 ab
770 3318 802 3371 iis
817 3316 939 3387 proximi

142 3409 518 3482 religionemconstituerunt,
528 3410 603 3465 reiut
614 3423 719 3464 romum
729 3408 863 3464 aheneum
874 3423 940 3464 cort-

148 3510 190 3558 tra
202 3502 334 3572 ejusmodi
342 3501 567 3572 citaritatisatque
575 3501 682 3556 unionis
691 3509 780 3571 pestes
791 3500 941 3571 gtraetende-

145 3600 229 3661 runt,
244 3602 377 3649 vetustate
398 3593 529 3662 temporis
542 3607 575 3647 an
591 3602 729 3661 pastorum
745 3593 869 3648 socordia
881 3594 940 3648 col·

144 3684 220 3757 lapsa
245 3693 414 3740 restauretur
434 3684 631 3754 exciteturque,
644 3691 672 3738 et
684 3698 762 3739 sacro
778 3684 867 3763 ordini
877 3700 942 3740 suus

146 3777 235 3833 bonor
245 3791 347 3847 suaque
362 3775 509 3831 auctoritas
530 3773 687 3830 restituatur
707 3789 789 3844 :quae
820 3783 848 3830 ut
870 3785 941 3831 sarta

146 3878 271 3940 metaque
284 3870 480 3924 conservarent
500 3865 647 3936 primicerii
671 3865 709 3922 illi
730 3867 870 3937 religionis
892 3881 942 3923 au·

146 3971 254 4027 olores,
281 3961 427 4032 quotannis
450 3958 569 4031 synodos
590 3958 771 4028 provinciales
786 3961 828 4015 bis
850 3959 941 4031 colligi

147 4053 360 4125 congregas-ique
382 4061 533 4115 statuerant
548 4070 555 4107 ι
572 4052 650 4118 licet,
676 4050 805 4122 inquam,
827 4051 943 4108 fortasse

148 4144 181 4200 ad
196 4145 415 4201 bacreuoeanda
436 4142 639 4215 reparandaque
653 4143 776 4199 conciliis
794 4159 922 4215 egeamus
935 4160 942 4210 ;

148 4244 178 4289 nt
194 4244 283 4290 ιιιιιιιι
299 4237 370 4291 aliud
396 4245 536 4292 teneamus
560 4252 640 4307 qnam
662 4237 734 4308 quod
759 4237 890 4294 haetenus
917 4240 942 4294 in

149 4326 271 4382 Ecclesia
283 4329 415 4384 creditum
426 4330 652 4402 observatumque
664 4341 716 4396 est,
731 4333 846 4390 romilio
861 4334 944 4390 statui

991 3140 1127 3212 quondam
1141 3140 1229 3196 lulius
1244 3140 1333 3197 Caesar
1349 3142 1383 3196 ad
1395 3130 1492 3214 liernp.
1507 3145 1727 3216 opprimendam,
1753 3162 1800 3203 so-

991 3232 1068 3288 brius
1083 3240 1250 3295 accesserat.
1268 3235 1493 3290 restaurationem
1518 3236 1581 3290 lide-i
1595 3236 1717 3293 Nicaenae
1731 3255 1800 3295 con-

992 3322 1167 3394 cordiamque
1195 3314 1384 3395 episcoporum
1410 3328 1596 3397 promovisse?
1622 3328 1691 3383 Cum
1723 3333 1800 3388 enim
1846 3361 1849 3364 ⁴

992 3428 1087 3470 omues
1102 3422 1212 3486 propter
1222 3413 1301 3470 fidem
1316 3416 1491 3472 christianam
1503 3420 1615 3476 exsules
1639 3422 1800 3495 cujuscujus

993 3515 1075 3561 sectae
1087 3515 1182 3561 essent
1195 3519 1362 3570 revocasset,
1384 3517 1488 3564 tarttrrm
1499 3520 1529 3564 ut
1545 3512 1606 3568 ilias
1619 3515 1724 3582 turbas,
1740 3517 1801 3586 qui-

994 3600 1045 3655 bus
1057 3609 1120 3654 tunc
1136 3600 1258 3656 Ecclesia
1272 3602 1433 3671 rerahatur,
1447 3603 1533 3661 aleret
1547 3620 1579 3660 ac
1593 3606 1743 3676 retineret3
1758 3610 1801 3667 di·

993 3704 1187 3762 rersarumque
1202 3700 1336 3748 sectarum
1350 3693 1450 3760 duces,
1464 3711 1526 3767 qua
1537 3699 1735 3768 propemodum
1751 3701 1801 3757 illo

995 3794 1118 3856 tempore
1133 3785 1244 3841 infinita
1260 3786 1386 3854 fuerunt,
1409 3789 1478 3844 intra
1502 3790 1598 3847 cadem
1621 3794 1724 3850 moertia
1748 3796 1802 3852 de-

994 3889 1090 3951 gentes
1100 3880 1175 3936 relut
1197 3879 1364 3937 infestissimi
1387 3881 1481 3939 hostes
1503 3885 1627 3943 cominus
1649 3888 1742 3945 acrius
1771 3904 1803 3948 se

995 3980 1089 4025 mutuo
1113 3980 1356 4043 persequerentur,
1378 3975 1511 4048 citiusque
1537 3978 1708 4038 conficerent
1723 4000 1731 4036 r
1746 3983 1801 4039 itu·

996 4065 1186 4134 perscrutabili
1198 4073 1287 4122 tamen
1304 4066 1353 4123 bei
1365 4069 1546 4140 prouidentia,
1561 4089 1622 4143 qurc
1633 4061 1714 4130 sicuti
1728 4076 1803 4147 apud

996 4155 1124 4212 liermam
1139 4158 1279 4214 Pastorem
1304 4159 1439 4232 legimus,
1456 4181 1465 4214 ι
1484 4164 1511 4218 in
1532 4164 1631 4221 bonurn
1647 4168 1700 4225 sibi
1717 4171 1805 4227 vertit

997 4248 1079 4302 etiam
1104 4249 1239 4317 pessitna;
1260 4262 1290 4306 ut
1304 4266 1351 4321 per
1363 4253 1512 4309 Ecclesiam
1528 4256 1669 4328 multiplex
1683 4260 1743 4329 ejus
1757 4275 1804 4316 sa-

997 4341 1098 4411 pientia
1121 4352 1273 4411 appareat,
1295 4346 1445 4401 secundum
1470 4350 1669 4418 prescientiam
1685 4354 1803 4412 sacculo-

148 4435 204 4476 uon
228 4432 308 4490 posse
322 4419 449 4473 arbitror.
469 4437 478 4470 r
496 4421 553 4475 Hoc
574 4423 647 4477 enim
665 4439 772 4492 semper
791 4443 820 4491 t,
837 4427 1226 4504 utscri·1)rumquamfeeit
1243 4435 1269 4491 iu
1284 4433 1410 4504 Christo,
1428 4458 1438 4492 r
1455 4440 1535 4494 trium
1561 4443 1669 4499 illorum
1694 4445 1805 4503 confes-

152 4521 227 4580 ptum
248 4509 357 4579 reliquit
371 4509 532 4580 Peregrinus
552 4510 599 4565 ille
621 4511 768 4568 Lirinensis
783 4516 858 4585 (cop.
874 4518 946 4588 ὀὶ),

153 4621 163 4656 t
181 4601 395 4673 necquidquam
419 4611 550 4672 preterea
573 4602 762 4662 haereticorum
784 4612 947 4668 novitatibus

150 4695 265 4752 excitata
286 4694 398 4764 perfecit
418 4694 557 4752 Ecclesia.
581 4694 633 4752 nisi
648 4706 677 4751 ut
690 4699 762 4769 quod
787 4700 843 4755 sola
865 4704 947 4759 tradi·

150 4788 225 4843 tione
252 4800 428 4857 susceperat,
455 4786 508 4842 hoc
538 4788 635 4845 deinde
661 4793 775 4861 posteris
791 4795 872 4851 etiam
900 4813 947 4865 per

150 4879 326 4947 scriptionem
337 4880 512 4951 chirographi
526 4883 709 4953 consignaret,
719 4902 843 4956 magnam
855 4907 945 4945 rerum

149 4987 283 5029 summam
309 4973 399 5042 paucis
414 4972 511 5028 litteris
529 4993 538 5027 t
553 5017 561 5042 ,
578 4992 676 5047 nempe
696 4978 779 5052 746
798 4982 945 5054 Symbola,

152 5082 163 5115 r
177 5063 444 5133 comprehendendo,
458 5072 487 5120 ιι
498 5066 653 5136 plerumque
669 5082 778 5139 propter
796 5074 949 5146 intelligen-

150 5155 196 5210 tiae
209 5155 313 5218 lucem,
339 5170 394 5209 uon
417 5170 518 5210 novum
536 5156 597 5211 fedei
612 5174 722 5215 sensum
738 5178 816 5218 nervae
828 5167 948 5235 appalla-

151 5248 234 5304 tionis
260 5248 426 5316 proprietate
447 5250 641 5321 consignando.
671 5272 681 5306 t
709 5255 847 5324 Ejusmodi
871 5260 944 5317 euim

149 5340 209 5410 pius
221 5338 365 5405 ttoritates,
379 5338 404 5393 id
420 5348 461 5394 cst
479 5358 489 5392 t
509 5339 650 5397 adeersum
663 5359 730 5398 nova
747 5360 848 5403 venena
861 5366 945 5408 rtoras

149 5431 408 5488 tnedicamentorum
431 5432 667 5503 comparationes,
686 5454 695 5488 t
722 5449 751 5493 ut
774 5453 821 5496 eas
852 5454 946 5500 noster

149 5523 265 5579 llilarius
278 5532 356 5580 vocat
371 5523 409 5596 (in
421 5523 554 5581 Gourwnt.
568 5543 595 5581 u.
606 5525 665 5599 tu),
682 5547 691 5580 r
703 5528 846 5589 aduersum
859 5551 944 5594 novos

151 5617 241 5674 hostes
256 5633 323 5674 uota
338 5616 422 5686 bella,
437 5618 580 5678 aduersum
596 5633 680 5679 noras
702 5621 815 5684 inuidiae
827 5628 942 5688 concilia

999 4541 1090 4582 sorum
1104 4527 1139 4580 ab
1152 4528 1249 4582 exsilio
1261 4544 1435 4586 reuersurum
1450 4532 1607 4604 diligentia,
1624 4537 1729 4605 labore,
1744 4541 1806 4596 sul-

999 4619 1138 4676 licitudioe
1163 4636 1257 4677 omnes
1277 4622 1345 4688 lere,
1360 4623 1408 4695 qui
1434 4626 1598 4684 ariminensi
1624 4632 1721 4687 sceleri
1743 4634 1806 4690 sire

999 4711 1173 4779 simplicitate
1185 4712 1310 4781 decepti,
1325 4729 1373 4770 seu
1389 4725 1460 4772 metu
1476 4722 1631 4789 perterriti,
1644 4723 1703 4778 sire
1720 4726 1806 4782 etiam

1000 4801 1100 4859 hritina
1129 4806 1188 4860 labe
1212 4807 1303 4862 infecti
1327 4809 1562 4879 subscripserant,
1577 4815 1685 4885 culpant
1701 4832 1807 4889 agnos·

1000 4910 1107 4964 centes,
1137 4900 1273 4957 Nicaenam
1294 4903 1373 4960 fideus
1400 4907 1542 4976 amplexus
1570 4926 1651 4981 supra
1672 4907 1826 4974 vidntur(

999 4992 1137 5061 Siquidem
1153 5000 1289 5051 communi
1314 5008 1434 5055 externe
1459 5006 1656 5073 persecutionis
1680 5009 1809 5078 periculo

999 5087 1146 5149 commoti,
1161 5088 1235 5142 velut
1250 5089 1455 5161 Syncretismo,
1480 5096 1505 5148 iu
1527 5111 1608 5153 urtam
1633 5100 1716 5156 ltdem
1739 5119 1810 5160 eoa·

1000 5175 1125 5243 luerunt,
1150 5195 1203 5236 uon
1217 5183 1294 5250 pauci
1309 5185 1390 5240 etiam
1406 5201 1439 5241 ex
1453 5186 1589 5245 hereticis
1612 5170 1750 5266 martyres
1764 5198 1808 5254 el-

999 5268 1062 5324 fecti
1085 5281 1156 5326 suttt.
1175 5274 1274 5344 Ecquis
1293 5279 1365 5332 entim
1391 5279 1488 5337 ditittae
1512 5285 1644 5341 voluntati
1667 5289 1809 5349 obsistere

998 5364 1099 5432 queat?
1121 5382 1136 5419 a
1158 5381 1210 5437 qua
1225 5369 1307 5425 ctiam
1320 5412 1327 5436 ,
1342 5381 1371 5426 ιιι
1383 5376 1482 5446 eximie
1495 5391 1510 5431 a
1523 5377 1663 5435 Clemente
1685 5381 1810 5441 Alexan·

997 5451 1077 5509 drino
1090 5455 1199 5526 scriptis
1213 5459 1341 5516 traditum
1357 5471 1414 5532 est,
1430 5471 1473 5521 και
1487 5468 1515 5523 αἱ
1528 5477 1577 5526 τῶν
1591 5473 1807 5534 ἀπιστησάντων

995 5547 1088 5616 βουλαί
1100 5571 1127 5604 τε
1138 5554 1180 5606 rati
1191 5552 1313 5626 ἐνέργειαι
1327 5557 1505 5634 κυὲηριιῶιται
1524 5564 1566 5617 iri
1585 5566 1655 5627 alios
1677 5567 1805 5640 ὑγιεινόν.

993 5651 1040 5700 τις
1066 5643 1115 5717 γὰρ
1139 5644 1208 5706 θείας
1235 5650 1324 5719 copias
1338 5639 1487 5729 relapsris
1509 5660 1550 5715 ret
1573 5657 1707 5736 δυνάμεως
1728 5665 1807 5742 ἔργον
