3884 6136
160 272 194 329 lb
752 262 786 321 nt
804 261 931 321 LIBROS
945 260 988 318 DE
1002 259 1187 318 animantia
1773 251 1809 309 ab

160 384 298 456 praedictis
311 381 444 438 lrmrctlcis
456 381 584 444 litteram,
596 392 649 434 uun
662 377 783 449 spiritum
792 379 959 450 sapientibus
973 378 999 438 Α
1012 385 1040 429 ut
1050 376 1212 442 incorruptae
1238 386 1269 427 ac
1292 369 1390 424 divium
1418 377 1520 422 alatrino
1536 383 1588 423 non
1616 377 1705 435 osset,
1727 385 1808 440 quctn

161 476 302 548 respondit
316 473 462 544 Gregorius
486 471 533 527 Or.
554 487 663 533 ιιιιιι,
681 487 755 526 ιιιιιιι.
773 471 824 535 56,
841 486 913 525 nune
932 470 958 524 in

162 584 290 648 promptu
311 583 355 630 est
374 573 400 626 in
421 571 564 626 Erasmum
581 577 755 637 retorquere,
772 583 852 639 quoru
869 578 958 622 tamen

159 666 415 728 Pucumatomacbis
427 666 462 719 ita
477 665 503 719 iu
513 662 564 719 hac
576 661 717 734 argutandi
733 661 837 717 ratione
851 675 960 727 corripu-

160 779 262 829 ramus,
280 769 308 817 ut
323 761 396 816 utillo
412 769 490 830 pacto
514 767 699 826 coutparalutu
723 754 837 811 relirnus
855 753 882 809 in
894 753 957 809 fide.

158 856 224 912 illos
240 865 319 925 patro
330 853 477 924 Gregorius
493 851 588 922 nugari
603 850 681 905 direct
691 849 748 920 qui,
763 849 865 904 relictis
880 847 960 902 rebus

158 948 277 1022 syllabas
291 952 495 1011 consectantur,
510 944 611 1012 quique
625 943 765 999 audientes
779 957 811 998 ea
825 942 852 996 in
868 940 959 1010 Scrip-

158 1040 227 1096 turis
241 1039 353 1110 Spiritui
373 1047 468 1094 sancto
481 1037 608 1102 attribui,
624 1051 685 1107 qum
708 1050 761 1090 tion
775 1041 959 1092 eoruentanca

157 1132 212 1189 sint
224 1130 275 1186 nisi
289 1132 364 1195 ileo,
381 1129 469 1184 adicito
483 1136 607 1200 quaerant
621 1128 665 1184 ubi
681 1127 745 1183 illud
761 1127 810 1181 Dei
821 1142 919 1182 nornen
934 1125 959 1182 ei

157 1225 338 1282 adscribatur.
355 1221 425 1291 Quid
437 1223 509 1277 enirn
522 1223 647 1287 interest,
662 1229 752 1275 utrum
764 1220 862 1286 decent,
874 1235 908 1274 an
923 1219 960 1275 bis

157 1318 280 1389 quinque,
295 1328 387 1371 utrum
400 1315 487 1380 borno,
503 1329 536 1369 au
552 1315 651 1369 ratione
664 1313 802 1386 proeditum
815 1321 840 1367 ιι
852 1312 960 1366 mortale

158 1409 257 1464 unintol
272 1407 395 1464 dicatur?
408 1405 480 1463 Sane
503 1406 602 1476 quibus
624 1405 742 1478 placebit
764 1406 822 1461 liaeo
835 1404 959 1475 Gregorii

52 1548 57 1558 .
155 1503 236 1569 ratiti,
254 1501 341 1557 iinon
366 1498 439 1555 inani
464 1499 593 1567 scrupulo
623 1497 795 1552 tribuendum
820 1497 959 1552 existima-

155 1592 235 1661 buut,
251 1592 323 1663 quod
339 1591 456 1645 Hilarius
469 1588 586 1659 Spiritus
599 1589 684 1644 sancti
700 1587 831 1643 rocalruln
848 1586 895 1642 lici
907 1602 958 1642 no-

157 1699 221 1741 men
235 1699 287 1738 non
303 1683 422 1752 adjiciat.
439 1680 494 1736 lloc
509 1680 599 1751 potius
613 1680 649 1735 ita
664 1679 765 1734 lactina
780 1677 955 1747 credideriut,

1012 470 1046 522 ud
1063 466 1264 522 irnmortuiitntis
1277 464 1370 537 piquus
1389 473 1413 517 ct
1431 464 1465 518 ud
1485 464 1578 518 ditium
1591 472 1690 518 trutnrte
1704 480 1810 518 cornor-

1011 563 1075 615 tium
1090 575 1254 615 sunrercmus.
1272 558 1323 624 Qui
1340 558 1415 626 pltua
1438 557 1526 621 volet,
1542 555 1620 612 adeat
1644 556 1741 611 lilnutn
1756 572 1808 620 ιιι,

1012 671 1041 710 n.
1058 654 1112 718 st,
1126 662 1197 718 eto,
1219 651 1263 707 ubi
1287 650 1404 720 Spiritus
1423 663 1532 706 sanctus
1554 650 1673 721 ejusdem
1687 666 1747 706 eunt
1760 652 1811 706 Pa-

1014 753 1056 802 tre
1082 753 1185 801 naturae
1198 786 1205 813 ,
1220 743 1328 800 virttttis
1346 759 1379 800 as
1400 745 1557 799 substantia.¹
1577 758 1638 800 esse
1661 744 1810 801 luculenter·

1011 838 1169 894 adstruitur.

1046 928 1117 985 Xi'l.
1131 928 1303 985 Luculentum
1322 930 1353 985 de
1368 930 1482 1001 Spiritus
1494 931 1576 986 suncti
1591 931 1721 987 diuinitate
1732 948 1811 1004 utqu-

1011 1032 1132 1077 meutum.
1154 1055 1189 1063 —
1206 1022 1295 1080 Unum
1309 1023 1450 1078 dumtaxat
1468 1039 1499 1078 es
1515 1039 1548 1080 eo
1564 1023 1622 1079 loco
1649 1023 1810 1095 prnlcriutus

1011 1126 1220 1188 argumentum,
1243 1117 1355 1189 petitum
1376 1133 1408 1173 ιι
1435 1118 1524 1173 rcrbis
1546 1119 1679 1188 apostoli,
1697 1118 1811 1191 Spiritus

1010 1211 1172 1264 enimomniu
1189 1220 1330 1278 scrutatur,
1347 1211 1422 1265 etium
1438 1212 1568 1283 profundo
1580 1210 1640 1267 Dei.
1658 1212 1696 1267 Et
1713 1215 1812 1283 quibus

1011 1301 1044 1356 ad
1057 1301 1165 1357 Patrem
1180 1318 1343 1371 corruersus,
1357 1304 1397 1359 siu
1410 1320 1470 1359 eunt
1495 1320 1556 1359 curn
1578 1321 1673 1376 magna
1694 1305 1811 1374 Spiritus

1010 1395 1096 1451 sancti
1111 1398 1260 1453 reuerentia
1274 1396 1439 1468 alloquitur:
1456 1396 1631 1453 Nuitotenisi
1641 1414 1753 1454 tatastat
1767 1416 1812 1469 pe-

1010 1496 1092 1543 uetrut
1106 1504 1115 1543 :
1131 1506 1176 1543 ner
1189 1490 1348 1562 protundum
1361 1491 1493 1545 imrrtensta
1508 1491 1647 1563 ritajestutis
1658 1504 1722 1558 tum,
1739 1509 1812 1562 pere·

1009 1582 1091 1653 prinu
1105 1592 1181 1654 utque
1197 1585 1290 1639 clienta
1309 1603 1324 1638 u
1340 1595 1364 1639 ιι
1380 1587 1481 1640 uirtutis
1496 1603 1572 1642 cuum
1587 1603 1716 1645 ιιιιιιιιι.
1733 1589 1811 1646 Tuutt

1010 1689 1069 1740 usu,
1085 1675 1210 1745 quidquid
1225 1687 1248 1730 ιι
1261 1678 1311 1732 init
1325 1696 1335 1732 .·
1347 1695 1428 1748 neque
1440 1679 1611 1744 alienamini,
1623 1682 1748 1752 quidquid
1761 1684 1812 1736 oir-

156 1777 218 1849 quja
232 1777 376 1848 ipsammet
391 1774 437 1831 pei
454 1782 576 1830 naturam
590 1776 633 1829 ve}
646 1774 705 1829 3010
718 1773 834 1843 spiritus
849 1773 1063 1833 „ominesstute
1095 1771 1232 1826 scrutantis
1267 1772 1347 1838 inest,
1372 1773 1448 1843 quasi
1473 1773 1576 1830 diceret
1599 1790 1607 1829 τ
1634 1776 1686 1843 Qui
1719 1778 1809 1834 omitia

154 1869 308 1938 intelligere
321 1867 419 1921 soleat.
435 1865 527 1935 Neque
548 1879 614 1921 vero
636 1865 747 1920 dubium
763 1874 804 1921 est
825 1880 886 1921 eunt
909 1881 957 1920 ex·

153 1969 233 2018 terno
251 1960 298 2016 ilio
312 1960 463 2015 litterarum
478 1972 545 2013 sono
564 1958 721 2028 expressius
734 1957 834 2027 aliquid
850 1956 958 2026 scriptis

156 2053 213 2109 suis
236 2053 423 2123 consignasse,
450 2063 503 2119 quo
530 2048 647 2119 Spiritus
674 2049 760 2103 sancti
790 2049 955 2104 divinitatum

155 2144 370 2202 commendaret.

192 2236 252 2294 XV.
269 2232 319 2291 bet
333 2237 360 2290 in
374 2252 404 2290 eo
417 2244 537 2290 rinturom
559 2243 704 2289 constanter
718 2233 853 2306 praedicut.
866 2263 903 2275 -
917 2235 956 2290 dc

152 2331 241 2404 primo
257 2331 366 2402 quidem
389 2330 495 2401 quoties
510 2329 646 2394 inculcat,
662 2329 733 2399 quod
757 2329 856 2399 saepius
880 2328 955 2396 lacit,

152 2413 243 2480 uerbis
267 2423 393 2493 baptismi
408 2421 506 2477 Filium
526 2421 641 2477 indicari
654 2429 681 2477 et
703 2420 776 2475 credi
798 2421 872 2476 Patri
888 2437 954 2476 eon-

151 2517 371 2583 substantialem,
386 2516 467 2572 toties
485 2514 615 2583 Spiritum
627 2523 748 2568 sanctum
766 2511 872 2580 utrique
883 2511 955 2590 pari·

154 2622 195 2669 ter
209 2609 465 2667 consubstantialem
488 2623 548 2664 osso
560 2607 712 2679 profitetur.
732 2605 789 2661 Nou
804 2607 877 2661 enirn
891 2607 956 2676 bap-

151 2705 224 2762 tismi
238 2705 319 2761 rerba
340 2704 436 2760 Filium
462 2702 546 2773 tnagis
570 2717 650 2771 quarn
673 2699 803 2772 Spiritum
828 2711 954 2756 sanctuni

151 2800 305 2853 uniuscurn
325 2797 406 2853 Patre
427 2804 529 2849 naturao
544 2807 576 2848 ae
598 2793 756 2848 substantia
777 2807 838 2848 esse
853 2791 956 2862 signiti-

150 2899 227 2948 oaut.
252 2890 472 2958 acuatacuat
490 2887 517 2942 in
532 2887 625 2942 ilattlt.
641 2902 715 2944 tium.
732 2885 766 2952 6,
788 2885 891 2942 diserte
908 2885 956 2941 de-

150 2983 248 3047 clarat,
259 2980 330 3052 quod
342 2981 369 3034 in
386 2978 464 3034 Putre
478 2989 501 3034 ιι
516 2978 586 3032 Filio
602 2988 624 3033 ιι
637 2977 740 3046 Spiritu
751 2987 840 3032 sancto
853 2975 955 3047 absquo

151 3075 207 3131 ullo
221 3090 310 3130 causa
323 3085 442 3131 externae
455 3071 588 3140 subsidio,
602 3088 662 3142 qum
677 3070 802 3126 terratenti
812 3071 838 3126 in
850 3086 953 3125 annom

1009 1859 1089 1913 otiam
1106 1862 1237 1930 protunda
1249 1862 1295 1919 bat
1310 1874 1454 1933 scrutatur,
1469 1867 1627 1925 iutntcusam
1642 1872 1810 1941 rnajestatetu

1009 1951 1119 2006 metitur
1135 1970 1207 2008 :nou
1219 1958 1331 2012 metitur
1341 1967 1430 2013 autern
1448 1959 1498 2015 nisi
1513 1961 1663 2019 innncn-ns
1677 1974 1704 2018 et
1717 1980 1810 2034 arqua-

1008 2042 1040 2098 lis
1062 2045 1150 2101 eidem
1175 2047 1319 2119 majestati.
1336 2051 1399 2106 ltent
1423 2053 1496 2121 :Qni
1518 2063 1654 2109 scr-anatur
1676 2055 1809 2125 profunda

1010 2137 1068 2207 liei,
1085 2140 1208 2198 irucrnus
1223 2145 1258 2198 sit
1274 2160 1385 2200 luccesse
1400 2156 1441 2202 est
1455 2148 1503 2217 ipsi
1522 2148 1596 2204 beo:
1613 2148 1747 2205 internum
1761 2168 1810 2206 au-

1008 2238 1060 2287 lem
1075 2234 1099 2288 ei
1115 2251 1168 2289 non
1184 2245 1236 2304 cst,
1248 2237 1376 2310 quidquid
1392 2239 1510 2296 ratianum
1525 2241 1560 2297 alt
1573 2257 1605 2298 eo
1625 2253 1675 2309 esi,
1692 2258 1737 2297 aut
1755 2263 1807 2300 nant

1007 2322 1128 2392 ejusdcm
1144 2343 1205 2382 cunt
1225 2345 1257 2383 eu
1280 2331 1450 2387 substantiae.
1466 2332 1641 2390 Confitendus
1664 2347 1705 2392 cst
1728 2338 1808 2407 igitur

1007 2415 1123 2487 Spiritus
1136 2431 1245 2477 sanctus
1257 2422 1417 2491 immensus,
1430 2436 1457 2481 et
1469 2427 1580 2495 arquatis
1593 2429 1658 2493 Deo.
1673 2430 1807 2500 ejusdem-

1006 2525 1059 2579 que
1073 2525 1133 2566 carru
1145 2528 1178 2567 etr
1192 2513 1299 2570 virtutis
1316 2531 1348 2570 ac
1361 2517 1529 2573 substantias.
1547 2520 1673 2584 Boetius.
1688 2523 1735 2578 scd
1752 2541 1806 2580 anm

1006 2603 1095 2660 minus
1118 2608 1191 2662 clarc
1206 2607 1322 2679 idipsum
1335 2611 1417 2666 docet
1433 2612 1480 2667 lib.
1496 2630 1525 2677 tt,
1540 2631 1567 2668 n.
1582 2617 1626 2679 Sl,
1639 2632 1699 2672 cum
1712 2618 1807 2673 scribit

1008 2695 1091 2752 Deum
1111 2699 1137 2752 in
1160 2699 1261 2769 Spiritu
1275 2712 1368 2757 sancto
1384 2702 1508 2773 adorari,
1524 2706 1568 2761 ubi
1584 2708 1609 2763 in
1627 2709 1726 2778 Spiritu
1741 2709 1806 2766 ado-

1006 2800 1096 2857 ratur;
1111 2803 1137 2848 et
1149 2793 1193 2847 ιιιιι
1206 2793 1231 2848 iu
1246 2794 1348 2864 Spiritu
1367 2795 1505 2867 adoratur,
1519 2799 1574 2870 jam
1590 2817 1643 2858 non
1662 2805 1712 2858 nisi
1724 2805 1750 2859 in
1764 2823 1805 2861 se-

1007 2885 1113 2950 metipso
1124 2885 1242 2941 adunari.

1042 2971 1122 3030 xvtt.
1139 2976 1181 3031 Eu
1195 2977 1268 3033 dictis
1286 2980 1317 3033 de
1338 2980 1439 3051 Spiritu
1452 2995 1541 3040 surreio
1557 3004 1608 3042 non
1624 2990 1739 3059 seqnitur
1758 2993 1804 3047 iios

1005 3065 1083 3121 libros
1095 3078 1153 3140 post
1166 3080 1280 3124 exortum
1297 3071 1444 3129 dlucedonii
1459 3077 1577 3132 dicresim
1598 3084 1726 3151 corrfectos
1737 3100 1802 3139 esso.

155 3185 204 3226 eos
219 3169 328 3238 cumulet
343 3179 424 3241 atque
444 3167 607 3238 conjungat,
624 3165 711 3220 omnin
732 3181 812 3218 unum
833 3165 894 3219 sint.
910 3154 991 3220 SicC
1007 3160 1161 3232 -Propter
1173 3161 1230 3218 lnce
1244 3164 1351 3236 aliaque
1365 3174 1418 3222 tnn
1431 3169 1502 3224 clara
1517 3170 1549 3223 ad
1567 3172 1730 3240 probandam
1745 3175 1805 3239 Spi-

151 3264 200 3320 lib.
216 3278 235 3318 tt
248 3263 282 3319 de
294 3262 390 3317 Triuit.
416 3276 491 3316 num.
507 3258 561 3325 ιδ,
577 3258 684 3314 Patrem
700 3266 727 3312 et
740 3256 838 3312 Filium
852 3264 880 3313 et
893 3256 955 3326 Spi-

151 3356 234 3412 rituur
261 3363 385 3410 sanctum
411 3361 515 3424 spectat
534 3353 607 3407 uelut
628 3349 736 3420 aliquod
763 3360 864 3416 toturn,
880 3348 952 3420 quod

152 3448 309 3505 nullatenus
324 3445 445 3516 separari
457 3454 548 3517 queat.
565 3444 614 3512 Qui
627 3443 716 3508 enirn,
732 3441 817 3510 irnprit
831 3445 955 3497 nomina-

154 3541 202 3599 tim
217 3542 251 3598 de
265 3542 366 3613 Spiritu
382 3550 493 3605 sanctii,
507 3536 662 3608 rortsessioni
678 3534 766 3590 Fratris
778 3544 802 3589 ιι
815 3531 877 3588 Filii
890 3550 953 3588 con·

156 3653 237 3692 rtrum
256 3645 311 3702 ast,
326 3651 377 3689 non
393 3641 474 3705 potest
492 3649 508 3685 u
523 3630 681 3701 consessione
695 3627 783 3683 Putris
796 3636 820 3683 ιι
835 3626 898 3681 Filii
911 3644 952 3682 sc·

70 3740 76 3748 ’
151 3729 250 3804 parari.
264 3726 450 3799 Imperfectum
465 3725 532 3778 enim
556 3733 593 3779 est
615 3722 687 3777 nobis
707 3729 787 3775 totum
798 3761 806 3787 ,
818 3721 841 3775 si
855 3720 955 3791 aliquid

153 3821 218 3877 desit
233 3837 250 3875 u
263 3828 326 3874 toto.
342 3817 411 3873 iiiuc
426 3816 454 3871 in
468 3814 565 3872 eodem
578 3813 626 3868 lib.
642 3830 683 3877 ιι,
699 3831 726 3867 ιι.
742 3812 953 3880 d,drianortnn

152 3914 291 3972 doctrinas
305 3921 335 3969 ut
349 3926 433 3966 noras
447 3919 473 3965 ct
486 3909 604 3963 bununo
623 3906 731 3978 ingenio
754 3906 885 3961 contactas
906 3920 955 3960 no·

151 4018 201 4073 tat¹
219 4006 291 4079 quod
306 4004 448 4060 dissoluant
464 4001 570 4076 perfecti
589 4000 666 4072 liujus
686 3997 840 4054 sacramenti
858 3998 955 4052 oemio·

151 4111 212 4169 tant,
227 4103 289 4156 dum
300 4098 455 4154 substantias
465 4095 640 4150 diversitatum
652 4109 678 4149 nt
689 4107 773 4149 ussus
786 4108 840 4147 ιιι
850 4106 957 4147 cousu-

151 4210 228 4254 tttsus
254 4194 405 4248 moliuntur.
423 4190 480 4246 Hoc
498 4188 578 4260 igitur
597 4204 612 4240 a
635 4188 691 4242 ilco
720 4185 866 4251 traditum,
881 4194 908 4239 et
928 4184 956 4239 iu

152 4286 276 4344 Ecclesia
291 4298 399 4353 semper
413 4280 546 4338 creditum
561 4275 855 4341 existimationem
870 4285 897 4329 et
910 4274 956 4331 Fi-

1006 3252 1340 3312 ritussanctidiviuitatutn
1354 3273 1522 3330 argumenta,
1534 3262 1583 3318 bos
1593 3263 1674 3320 libros
1684 3268 1805 3323 nonnulli

1005 3348 1177 3418 cotiscriptns
1192 3349 1285 3404 ιιιιιιιιι
1296 3361 1357 3421 pust
1367 3362 1488 3408 exortam
1503 3355 1649 3412 liacedonii
1663 3358 1803 3429 itaorcairn,

1005 3440 1172 3512 proindeque
1194 3452 1254 3512 post
1273 3460 1373 3500 antrum
1390 3447 1457 3514 560,
1472 3467 1525 3519 quo
1540 3450 1721 3518 blacedonius,
1732 3453 1804 3510 Cutt-

1005 3532 1242 3604 strntinnpnlitana
1257 3537 1367 3608 Synodu
1378 3539 1533 3612 episcopatu
1541 3543 1671 3614 dejectus,
1682 3561 1804 3602 errorem

1005 3639 1083 3681 saturn
1098 3625 1277 3684 disseminare
1294 3631 1467 3701 coaptabant
1489 3645 1578 3691 tamen
1595 3637 1657 3691 indo
1679 3654 1805 3695 necessa-

1007 3715 1047 3772 rio
1065 3718 1215 3775 attribuitur.
1231 3721 1297 3790 Quis
1321 3725 1392 3779 enirn
1416 3730 1527 3798 neseiat,
1555 3739 1583 3784 ut
1612 3731 1690 3798 Filii,
1718 3734 1752 3789 ita
1778 3743 1806 3790 et

1007 3810 1125 3881 Spiritus
1137 3813 1222 3869 sancti
1236 3815 1403 3874 diuinitatem
1414 3821 1448 3874 ab
1458 3820 1523 3876 Ario
1533 3823 1736 3880 labefactarunt
1746 3827 1805 3897 ipso

1008 3903 1034 3960 ‘tn
1051 3904 1145 3961 Thalia
1166 3925 1214 3965 sua
1235 3910 1306 3980 apud
1325 3913 1501 3970 Athanasium
1514 3915 1560 3972 0r.
1587 3917 1713 3974 acorum
1729 3921 1806 3974 dria-

1008 4013 1068 4067 uos,
1082 4015 1108 4070 p.
1126 4000 1187 4058 SlS.
1203 4001 1309 4063 diuisus.
1319 4014 1344 4059 et
1357 4005 1490 4072 abatritos,
1501 4017 1525 4063 ιι
1536 4007 1688 4079 dirjtqutus,
1702 4020 1725 4064 et
1739 4012 1804 4065 ulie-

1007 4108 1065 4160 nus,
1079 4103 1103 4146 et
1116 4093 1366 4152 inconununiccbiles
1376 4114 1431 4152 esse
1444 4097 1530 4153 Putris
1539 4108 1564 4152 et
1577 4099 1639 4154 Filii
1654 4109 1676 4154 ιι
1691 4100 1805 4172 Spiritus

1006 4185 1088 4239 suncti
1106 4182 1261 4241 susbstantius
1283 4187 1421 4256 praedicat.
1443 4191 1528 4256 Quian
1555 4190 1653 4248 deiude
1675 4195 1807 4260 parsnln-

1008 4289 1075 4345 gens
1101 4275 1267 4332 Atlntnasius
1291 4295 1349 4350 pag.
1376 4280 1430 4338 515
1454 4299 1461 4336 :
1484 4286 1632 4350 Qitomodo,
1658 4286 1753 4356 iuquit,
1775 4291 1806 4341 rte

154 4380 219 4438 lium
236 4388 263 4434 et
276 4377 408 4449 Spiritum
425 4384 550 4429 sanctum
572 4386 617 4424 res
636 4384 795 4423 cartuutunes
815 4383 892 4434 esse,
909 4383 959 4423 ue-
1009 4366 1111 4439 Spiritu
1132 4378 1221 4423 ruricio
1238 4381 1305 4425 recte
1318 4371 1482 4444 opinaretur,
1495 4376 1538 4442 qui
1554 4375 1715 4445 birtspbernus
1728 4389 1764 4433 est
1778 4380 1806 4434 in

154 4472 246 4544 quein
262 4470 303 4525 eis
315 4466 408 4522 baberi
418 4463 630 4519 substantiarum
644 4461 827 4516 diversitates.
841 4458 879 4514 lta
893 4475 958 4515 uero
1016 4458 1126 4516 Verbum
1140 4463 1208 4534 quod
1219 4463 1346 4535 Spiritum
1356 4469 1520 4539 suppeditat?
1532 4469 1618 4527 Simili
1634 4472 1745 4527 ottinino
1764 4490 1807 4528 ra·

153 4576 312 4637 persuasum
328 4558 353 4614 ci
367 4566 425 4612 erat
436 4555 509 4611 Patri
522 4553 780 4610 consubstantialem
793 4568 853 4608 esse
867 4551 954 4622 Spiri-
969 4543 997 4605 Ι)
1011 4554 1084 4611 tiuare
1098 4555 1215 4611 llilarius
1226 4569 1327 4623 noster,
1342 4560 1390 4616 lib.
1404 4578 1434 4628 n,
1451 4580 1479 4618 u.
1495 4563 1529 4619 d:
1544 4564 1615 4633 Quid
1626 4569 1717 4622 arricum
1736 4580 1763 4624 ut
1776 4571 1807 4626 de

158 4668 215 4712 tunt
230 4664 365 4719 salictum,
381 4659 410 4704 ut
425 4663 505 4702 titiam
518 4646 606 4702 Patris
624 4656 651 4699 ct
667 4642 727 4700 Filii
748 4658 809 4700 esse
829 4643 956 4700 substanu

154 4751 219 4806 tiarn
235 4747 281 4803 lib.
297 4762 336 4811 ιι,
354 4759 428 4798 num.
445 4740 491 4809 ib,
508 4739 572 4795 ltine
586 4737 771 4804 demonstret,
784 4736 855 4806 qund
869 4736 955 4807 Spiri-

156 4851 199 4898 tus
215 4849 342 4903 sanctns,
358 4847 386 4890 ut
402 4850 434 4889 cx
451 4834 484 4888 iis
497 4847 557 4903 quar
576 4829 665 4883 Patris
685 4835 767 4893 sunt,
782 4829 818 4883 ita
835 4837 863 4884 ct
874 4843 906 4882 ex
924 4827 957 4883 iis

154 4951 216 5007 qum
226 4943 287 4987 sum
304 4929 364 4984 Filii
377 4971 383 4995 ‚
396 4942 471 4982 suain
484 4922 608 4993 accipiat.
627 4919 690 4974 Non
705 4920 786 4986 eninr,
803 4920 888 4990 inquit
902 4919 956 4985 ibi,

156 5028 189 5083 de
199 5024 322 5082 creaturis
337 5020 452 5076 suntebct
468 5017 582 5089 Spiritus
597 5024 713 5070 satiatus.
729 5014 857 5071 Surncbat
875 5012 957 5085 igitur

155 5120 192 5179 de
202 5113 465 5176 &saturabimini
479 5111 559 5164 lrabct
569 5106 724 5163 Ferratrdus
736 5107 955 5176 iliaconusepist.

157 5215 189 5271 ad
211 5211 377 5274 Anatolium,
394 5206 486 5262 Omnis
500 5221 539 5259 rer
552 5213 597 5256 out
612 5201 681 5256 Deras
697 5213 742 5269 est,
760 5212 804 5255 out
818 5211 957 5258 creatura:

155 5309 178 5364 si
192 5306 265 5362 Deus
278 5315 326 5367 est,
339 5311 458 5358 creatura
472 5314 524 5352 raon
535 5305 572 5351 est
582 5312 592 5363 ,·
602 5296 626 5349 si
635 5303 752 5349 creatura
764 5303 812 5361 est,
827 5294 896 5349 Dans
906 5311 956 5350 non

156 5407 202 5455 est.
218 5397 285 5466 Qtaia
301 5411 382 5466 porro
397 5402 490 5446 nomer
504 5388 622 5444 lidorius
637 5387 767 5455 Spiritum
785 5396 908 5443 sanctum
923 5387 957 5443 do

155 5495 215 5551 Deo
229 5493 358 5548 Creatore
377 5486 556 5545 substantiam
570 5499 645 5538 suam
665 5498 773 5538 sumere
794 5492 869 5538 certo
888 5482 957 5538 scio·

157 5587 222 5651 bat;
248 5597 346 5653 magno
368 5581 449 5636 etiarn
475 5577 566 5634 studio
586 5574 718 5630 laborauit
730 5617 738 5642 ,
751 5575 788 5629 uti
801 5591 834 5629 cr
851 5575 920 5631 libro
934 5591 954 5642 1,

157 5695 232 5735 nrtrn.
243 5675 294 5741 56,
311 5671 479 5735 audivimus,
493 5669 681 5740 nequisquam
697 5681 759 5722 eutn
773 5668 838 5722 inter
851 5678 954 5722 ciectu-

154 5786 200 5828 ιιι
212 5766 326 5826 auderet
343 5762 458 5824 reterre.
471 5760 504 5819 ttt
524 5759 626 5833 quippe
639 5757 782 5819 ridebatur
794 5758 953 5830 absurdunt,

1009 4648 1110 4717 Spiritu
1133 4660 1220 4706 sancto
1242 4654 1342 4709 diuerso
1360 4657 1488 4725 aetatium,
1505 4660 1548 4730 qui
1569 4661 1596 4714 in
1617 4663 1736 4736 torpitore
1750 4667 1807 4736 ejus

1009 4742 1111 4814 (Verbo
1125 4744 1244 4819 seilicet)
1260 4747 1370 4803 creando
1382 4790 1389 4812 ,
1403 4758 1428 4804 ιι
1450 4751 1623 4819 detractando,
1638 4767 1663 4811 et
1682 4757 1806 4813 abolendo

1008 4843 1060 4889 tum
1085 4839 1214 4892 tetricrurii
1240 4840 1292 4892 sint
1314 4841 1568 4910 attctoresiQuibns
1590 4862 1650 4901 tuos
1670 4849 1806 4921 adjungit,

1008 4927 1138 4998 Spiritum
1153 4941 1273 4986 sanctum
1283 4934 1316 4988 ab
1330 4933 1384 4988 illis
1395 4937 1503 5002 nesciri,
1517 4939 1578 5008 quia
1591 4939 1699 5009 Filium,
1716 4955 1806 5001 aucto-

1008 5038 1061 5077 rem
1075 5026 1143 5092 eiras,
1157 5024 1290 5096 ignorant.
1302 5025 1343 5081 An
1355 5026 1422 5084 limo.
1431 5044 1534 5099 quaeso,
1549 5031 1807 5092 adversusilaeedo·

1008 5112 1045 5169 uli
1061 5115 1179 5171 ianitores
1193 5115 1312 5184 dixerit,
1328 5119 1372 5189 qui
1384 5119 1418 5176 de
1433 5118 1521 5177 Verbo
1534 5139 1615 5194 praua
1637 5127 1738 5183 sentire
1751 5143 1806 5184 nou

1007 5207 1164 5277 audiebant,
1179 5223 1249 5280 quos
1264 5209 1322 5280 ipse
1333 5210 1402 5266 libro
1415 5211 1449 5268 de
1460 5212 1576 5286 Synodis
1590 5217 1709 5273 laudavit
1721 5230 1749 5274 ut
1759 5222 1806 5292 qni

1010 5313 1082 5354 serm
1098 5298 1159 5354 iidci
1174 5301 1335 5357 revocanda:
1350 5318 1425 5373 spcnt
1438 5308 1602 5373 attulissent,
1618 5310 1715 5380 quibus
1730 5310 1807 5368 deni·

1007 5405 1060 5461 que
1072 5389 1257 5460 constantinop
1269 5394 1304 5449 oli
1317 5407 1377 5465 post
1388 5399 1532 5454 cotteiliunt
1544 5398 1717 5459 Seleuciense
1729 5419 1807 5460 etint-

1010 5482 1165 5537 tnuninuem
1179 5498 1232 5538 utin
1246 5491 1354 5557 tropatus
1364 5504 1451 5557 suam,
1467 5489 1520 5544 iuro
1539 5491 1620 5547 etiam
1646 5505 1806 5552 canteroruut

1009 5584 1042 5627 et
1057 5572 1150 5629 Galliis
1166 5574 1353 5646 episcoporum
1367 5589 1461 5635 coacto
1473 5577 1583 5637 Parisiis
1597 5586 1713 5641 cornilio
1733 5587 1806 5643 litte·

1007 5679 1053 5720 ras
1066 5665 1200 5722 obtinuit?

1044 5756 1138 5814 xvttt.
1153 5757 1315 5818 Probabilim
1332 5769 1368 5820 est
1385 5773 1475 5822 contra
1493 5764 1613 5837 Arianos,
1628 5784 1706 5840 quum
1717 5782 1808 5829 corrant
