3886 6142
97 250 153 309 6⁰3
585 236 794 297 tottontttb
813 239 847 297 ΙΝ
866 240 932 300 tttt.
953 240 1057 302 CONT.
1078 245 1300 312 auxentium
1749 276 1804 335 ppq

97 362 223 422 bitatinni
250 359 400 417 infidelium
427 356 631 424 satisfacturus,
656 367 800 409 arcanum
822 354 930 413 virtutis
942 362 969 428 Α
982 361 1106 434 perlecto
1118 362 1176 420 Deo
1188 374 1266 435 patre
1278 373 1434 447 unigenitus
1448 388 1477 437 et
1492 381 1634 452 periectos
1647 386 1721 446 tilius
1734 393 1807 457 berre

99 455 245 525 invisibilis
258 462 406 527 operatur:
423 449 490 507 laeti
502 447 650 513 rationem,
668 444 805 516 quisquis
820 446 858 520 (op
875 447 931 504 eris
983 461 1064 510 natus
1079 457 1127 521 sit,
1143 455 1206 526 quia
1221 472 1332 522 sensum
1346 479 1374 525 et
1384 484 1544 532 sermonem
1559 476 1690 537 trenaee
1702 494 1807 555 starum

98 549 257 609 eoetestinm
274 562 366 604 rerum
382 554 530 610 scrutator,
549 552 668 609 expone.
686 534 785 594 Erant
799 539 931 612 discipuli
983 544 1071 603 virtus
1086 550 1274 617 generationis
1289 562 1413 620 excedat,

99 643 207 710 inclusi,
234 650 264 698 et
285 651 391 699 secreto
405 650 466 712 post
480 637 637 711 passionem
650 630 771 688 Domini
785 635 931 705 conjuncti
1022 638 1069 696 δί.
1086 639 1131 697 Ero
1156 658 1230 701 anot.
1253 648 1300 708 et.
1318 654 1353 711 Et
1367 660 1460 717 omnio
1472 660 1586 732 quidem
1601 664 1715 739 insuper
1730 690 1808 735 mnn-

98 735 296 794 eonsederant.
310 735 442 792 Dominus
458 733 574 788 Titomas
589 726 670 781 tidem
688 727 846 798 propositis
861 742 933 785 eon·
987 728 1017 785 di
1042 745 1129 803 opera
1154 734 1250 794 edesse
1263 743 1343 800 mrtrts
1367 749 1393 805 in
1413 753 1605 813 testimonium
1621 772 1734 828 possem
1769 786 1806 828 ,ω

98 829 250 887 ditionibus
264 828 472 886 confirmaturus
486 820 605 887 assistit,
632 817 768 890 palpandi
783 821 933 892 corporis,
989 822 1130 894 ambigere
1153 825 1187 882 dc
1202 827 1250 886 bet
1266 835 1346 892 rebus
1356 849 1437 912 atque
1452 846 1602 903 virtutibus
1616 848 1659 907 las
1673 807 1802 921 eseam,

99 932 128 981 ct
141 921 334 979 contrectandi
348 920 467 976 vulneris
480 910 772 974 obtulitlueuttatem:
789 920 817 966 ct
832 911 937 981 utiquc
992 927 1064 967 ntus.
1082 913 1135 971 sed
1151 918 1176 973 in
1200 920 1286 990 ipsam
1302 931 1440 990 veritatem
1458 937 1610 993 infidelitas
1623 955 1713 1002 nostm
1737 965 1801 1020 pro.

99 1017 144 1089 qui
157 1024 345 1084 compunctus
358 1005 599 1086 recognoscendos
620 1005 666 1070 sit,
692 1019 812 1061 necesse
830 1011 883 1060 est
906 1015 938 1060 ιιι
993 1004 1089 1070 currit,
1105 1017 1132 1062 et
1147 1009 1256 1070 violenti
1270 1017 1296 1073 in
1315 1023 1448 1080 excidium
1468 1028 1518 1083 liei
1536 1035 1678 1101 potestatis
1699 1037 1799 1096 irrum-

100 1125 197 1182 eorpus
214 1110 245 1164 iu
263 1125 319 1180 quo
334 1118 375 1166 est
388 1098 712 1177 cornpunctusottulerit.
729 1099 836 1167 Quaem
866 1111 939 1166 erqo
994 1094 1091 1166 pirum.
1117 1101 1145 1157 Si
1169 1102 1272 1178 liceret,
1296 1120 1322 1167 et
1347 1129 1460 1185 corpora
1484 1127 1513 1174 et
1539 1136 1637 1180 uranus
1650 1127 1684 1181 ad
1697 1131 1797 1189 emtum

100 1220 147 1277 per
165 1217 238 1272 quas
253 1202 356 1257 elausee
370 1200 465 1255 domus
481 1202 577 1270 partes
588 1208 649 1249 sese
671 1206 831 1263 corporeus
858 1188 940 1247 itttu-
993 1186 1155 1265 levaremus,
1170 1197 1255 1253 solem
1270 1214 1396 1276 astraque
1410 1219 1511 1265 otetera
1534 1213 1618 1269 annm
1632 1231 1728 1276 curem
1741 1224 1797 1279 suis

103 1295 347 1366 teritltiligenter
361 1294 431 1348 eninr
446 1287 621 1359 Evangelista
637 1282 785 1358 expressit,
808 1284 935 1342 dicens:
989 1280 1121 1344 liutitibus
1151 1294 1381 1366 proturbaremus,
1408 1304 1640 1370 permisceremus
1666 1309 1796 1369 decessus

104 1392 177 1446 Venit
200 1387 287 1445 leros
297 1389 387 1462 januis
410 1388 515 1452 eleusis,
529 1392 554 1439 et
569 1381 635 1436 stetit
650 1380 676 1435 in
695 1378 785 1436 medio
813 1377 935 1453 discipat-
989 1374 1087 1438 Oceani
1102 1392 1129 1440 et
1151 1400 1285 1455 accessus,
1301 1389 1400 1447 tinente
1425 1397 1510 1450 etiam
1528 1374 1641 1455 lontiurn
1657 1402 1794 1463 irrlribere·

103 1487 183 1542 torum
195 1481 235 1558 (lv)
248 1499 359 1538 enorum
373 1480 467 1553 (ibid,
481 1479 542 1553 ab).
558 1478 602 1534 An
612 1482 768 1532 constructa
789 1476 931 1547 parietum
985 1484 1056 1542 mus,
1071 1484 1098 1533 et
1111 1487 1220 1537 naturas
1231 1479 1374 1540 dominum
1388 1485 1569 1555 referremus,
1581 1501 1791 1554 curreuteremus

104 1587 264 1653 penetrans,
288 1576 404 1632 solidam
422 1575 557 1646 tignorum
573 1580 696 1626 naturam
719 1568 930 1642 inrpenetrebi-
982 1561 1154 1627 fundamenta
1171 1583 1260 1641 terrae,
1277 1586 1304 1632 et
1324 1579 1422 1634 totuin
1448 1579 1510 1637 hoec
1533 1598 1616 1653 opera
1637 1584 1685 1641 Dei
1705 1591 1789 1658 par-rt.

104 1675 155 1728 lem
171 1666 359 1727 transcurrit?
379 1666 594 1735 Stetitnamque
615 1677 778 1734 corporeus,
811 1679 866 1721 non
890 1659 929 1717 si·
980 1658 1050 1717 cirtio
1073 1661 1276 1723 desaeviremus.
1304 1667 1359 1724 Sed
1382 1669 1454 1727 bene
1477 1680 1532 1739 est,
1557 1675 1630 1746 quod
1654 1683 1786 1737 noslntra

102 1769 216 1825 mutatus
232 1773 285 1822 aut
303 1765 399 1822 fallax.
415 1764 571 1837 Sequuntur
584 1776 650 1832 erqo
664 1757 738 1814 beuti
752 1762 857 1817 mentis
872 1768 926 1812 tuae
941 1750 965 1814 lt
979 1750 1048 1810 hane
1067 1756 1208 1815 modestiae
1223 1764 1412 1820 necessitatem
1429 1773 1528 1821 natura
1547 1782 1691 1839 corporum
1715 1772 1786 1829 dest.

101 1861 273 1936 penrtrautis
295 1859 460 1931 ingressum,
475 1866 503 1915 et
525 1868 641 1913 comeo
661 1853 786 1909 clausam
808 1853 925 1910 domum
977 1856 1033 1905 net.
1050 1848 1131 1907 Certe
1153 1868 1209 1910 non
1230 1853 1360 1926 fallimus,
1383 1856 1459 1928 quid,
1481 1858 1506 1915 si
1529 1859 1637 1928 liceret,
1662 1878 1784 1923 essemus

103 1955 294 2027 intelligentias
309 1963 363 2010 tuae
381 1954 454 2011 visus
470 1954 599 2009 introcat.
614 1949 726 2019 Integra
749 1957 816 2005 sunt
831 1941 925 2000 omnia
976 1946 1060 2002 acturi
1075 1964 1081 2000 z
1096 1961 1214 2018 namque
1235 1949 1296 2019 quia
1312 1947 1347 2022 (e)
1373 1963 1531 2018 possumus,
1558 1951 1671 2023 prolana
1688 1955 1783 2011 rolen-

100 2060 129 2108 et
150 2050 300 2106 obserato:
325 2047 373 2104 sed
389 2061 453 2104 ecee
465 2046 569 2103 assistit
592 2042 711 2110 medius,
736 2041 781 2096 cui
804 2034 925 2111 pervir-
976 2037 1037 2092 tatis
1051 2038 1162 2096 andacia
1175 2048 1298 2097 naturam
1320 2042 1441 2099 tentatis
1455 2043 1650 2117 convellimus,
1674 2056 1703 2105 et
1724 2048 1782 2105 bet.

103 2152 184 2201 mtem
205 2155 290 2199 suam
315 2139 439 2195 universa
461 2146 525 2195 sunt
540 2136 645 2209 pervia.
669 2130 864 2214 {invisibilibus
877 2141 925 2182 en·
975 2127 1031 2186 lum
1047 2129 1127 2186 dictis
1141 2132 1188 2188 liei
1201 2146 1402 2204 eonrpsraurrrs.

101 2233 266 2294 lumniaris:
292 2246 345 2305 ego
369 2247 384 2288 a
408 2240 433 2289 te
456 2230 602 2287 visibilium
627 2240 748 2298 exposco
768 2221 923 2284 rationem.
1010 2222 1055 2278 35.
1069 2220 1111 2277 Es
1126 2223 1170 2280 tit.
1191 2239 1209 2280 n
1232 2226 1264 2281 de
1284 2223 1359 2282 Trio.
1378 2242 1406 2282 ιι.
1422 2226 1449 2283 9.
1466 2226 1565 2285 Cesset
1579 2230 1660 2286 dolor
1683 2246 1781 2303 quere.

100 2330 171 2389 nttrtt
183 2327 256 2386 cedit
271 2342 309 2385 ex
326 2325 424 2393 solido,
448 2340 535 2399 neque
557 2339 607 2395 per
626 2330 751 2378 staturam
767 2329 859 2374 suem
874 2316 925 2375 ali·
976 2314 1072 2373 larum.
1088 2315 1155 2374 Nom
1171 2326 1208 2387 te,
1228 2320 1350 2392 quisquis
1370 2335 1399 2376 es
1413 2319 1459 2391 qui
1481 2319 1544 2378 brac
1570 2326 1702 2397 requires,
1724 2341 1780 2382 non

104 2426 167 2498 quid
189 2435 332 2495 tamqnam
354 2422 429 2492 lapsu
452 2417 601 2475 insensibili
616 2409 862 2488 lignaetlopides
877 2414 926 2471 aq.
976 2424 1073 2468 revoco
1096 2412 1122 2466 in
1145 2412 1294 2481 excelsum,
1320 2428 1375 2469 non
1400 2411 1426 2473 in
1452 2412 1661 2483 amptitudinem
1686 2418 1779 2486 tendo,

105 2522 224 2581 mittunt.
240 2515 350 2588 Corpus
366 2513 501 2571 Dominio
522 2527 584 2569 sese
598 2525 651 2567 non
666 2507 774 2574 debeit,
803 2518 838 2562 ut
864 2525 926 2570 sesa
977 2522 1030 2564 non
1041 2506 1145 2564 deduco
1158 2508 1184 2564 in
1196 2508 1369 2578 protundum.
1384 2505 1481 2562 Nonne
1491 2511 1682 2579 equanimiter
1703 2512 1781 2583 iquo-

106 2623 226 2674 resumst
247 2627 284 2667 ex
309 2608 394 2667 nilrilo
417 2626 424 2663 ι
448 2615 476 2662 et
497 2604 627 2674 undequi
648 2602 749 2659 assistit
772 2601 805 2655 iu
832 2605 926 2665 medio
977 2600 1050 2657 rabis
1061 2598 1197 2657 Creatoris
1211 2601 1391 2667 nativitatem,
1404 2599 1533 2670 ignorans
1547 2603 1680 2675 originem
1703 2618 1779 2660 erea-

108 2711 169 2767 estl
184 2707 263 2767 Cedit
276 2703 312 2760 ⁸¹¹
327 2702 388 2760 ΜΟ
403 2709 432 2759 θῑ
445 2707 579 2761 ‘iniusti
592 2712 691 2763 sermo,
701 2695 788 2769 586
801 2706 833 2753 et
847 2710 924 2759 extra
976 2693 1064 2749 torel
1087 2692 1144 2750 lloe
1166 2693 1261 2751 saltem
1284 2693 1403 2765 requiro,
1420 2692 1542 2751 sentisne
1557 2704 1584 2751 te
1597 2697 1729 2767 garritum,
1751 2705 1780 2753 et
1836 2715 1839 2719 ·

108 2805 243 2864 rationem
266 2799 414 2854 humanam
428 2802 472 2850 est
492 2792 591 2848 veritas
603 2790 676 2846 laeti.
690 2787 796 2845 idcireo
812 2806 880 2861 erqo
894 2804 925 2851 ut
977 2801 1037 2856 qum
1052 2800 1084 2841 ex
1099 2793 1124 2840 te
1138 2794 1301 2868 generentur
1315 2782 1461 2855 intelligis?
1474 2782 1534 2839 Non
1549 2802 1652 2857 quaero,
1668 2803 1777 2844 sensum

108 2896 145 2955 de
158 2895 301 2952 nativitate
314 2888 355 2964 te)
372 2888 500 2953 lollianus,
517 2886 554 2943 ita
568 2883 642 2940 etde
665 2883 789 2954 ingressu
813 2885 923 2945 Domini
975 2880 1047 2935 unde
1070 2877 1204 2945 ttairseris,
1229 2879 1311 2934 vitam
1335 2877 1407 2935 unde
1428 2876 1541 2934 sortitus
1562 2878 1609 2949 sis,
1624 2880 1779 2954 irrtetliqen.

110 2988 289 3045 mentiamur.
318 2982 445 3038 bieomus
469 2979 568 3035 laetum
589 2993 642 3032 nnn
656 2975 748 3040 tuisse,
763 2975 826 3045 quio
842 2976 924 3035 intel·
976 2971 1040 3026 tiam
1054 2972 1125 3028 unde
1139 2972 1253 3044 adeptus
1268 2971 1316 3035 sis,
1328 2971 1407 3042 quale
1420 2969 1456 3025 sit
1469 2970 1542 3042 quod
1556 2973 1584 3029 in
1598 2985 1624 3032 te
1637 2985 1689 3043 est,
1698 2976 1775 3045 odor,

111 3079 252 3154 liqcntiam
279 3075 344 3132 lacti
372 3088 426 3129 non
457 3068 685 3142 apprehendimus
708 3086 715 3122 ι
743 3076 772 3123 et
796 3079 923 3128 cessante
975 3080 1084 3133 sensus,
1102 3066 1322 3133 risus,auditus;
1336 3066 1776 3136 certettemoqnodlacitnescit:

112 3190 198 3234 sensu
213 3181 322 3237 nostro,
348 3168 412 3225 lacti
435 3166 520 3239 ipsius
533 3170 622 3222 cesset
633 3162 754 3218 edoctus.
769 3159 822 3218 Sed
842 3176 921 3219 men·
935 3145 958 3210 C
974 3174 1068 3230 quaero
1083 3161 1153 3217 unde
1165 3159 1216 3216 ista
1233 3160 1274 3215 bis
1288 3160 1322 3233 (l)
1340 3175 1407 3233 qums
1423 3172 1538 3229 generas
1551 3160 1699 3233 induigeas,
1711 3178 1778 3234 qun·

115 3268 226 3327 dacium
241 3274 366 3321 nostrum
382 3259 444 3316 lacti
459 3258 525 3315 tides
545 3256 637 3311 vitreit.
661 3252 770 3310 Adstitit
793 3253 922 3311 llnmimrs
975 3251 1038 3306 liter
1050 3267 1160 3311 sensum
1176 3253 1291 3320 inseras,
1318 3253 1411 3310 ocutos
1433 3251 1577 3322 accendas,
1602 3270 1649 3311 vor
1670 3254 1775 3327 alligas.

113 3365 209 3421 clausa
232 3360 315 3416 domo
340 3359 367 3412 in
392 3354 481 3410 medin
503 3350 695 3419 discipulorum
710 3365 716 3403 :
733 3354 761 3403 et
780 3347 865 3403 Filius
879 3357 926 3405 est
974 3345 1049 3414 ttae,
1065 3347 1087 3402 si
1108 3355 1196 3420 potes,
1218 3362 1326 3406 epm,
1349 3347 1438 3405 Hm
1455 3360 1521 3418 ,rgo
1534 3347 1605 3416 quod
1630 3349 1728 3413 neseis,
1749 3358 1778 3407 et
1845 3334 1853 3347 ,.

113 3468 197 3516 natus
220 3469 255 3510 ex
279 3451 370 3508 Patre.
393 3446 454 3504 Noli
470 3458 568 3515 neqare
581 3442 653 3514 quod
667 3439 780 3506 steterit,
795 3438 857 3509 quia
873 3455 921 3509 per
975 3438 1070 3494 tribuis
1092 3456 1156 3512 quae
1180 3456 1233 3497 non
1250 3440 1399 3513 intelligis:
1428 3439 1614 3512 aequanimiter
1634 3439 1776 3514 imperitus

114 3546 301 3618 intelligentias
323 3539 506 3599 inbrnritatem
530 3533 703 3592 eonsistcmis
723 3547 776 3588 non
791 3530 831 3602 (a)
853 3545 920 3586 eon·
973 3527 1000 3584 in
1016 3530 1080 3598 tuis,
1095 3532 1247 3593 insolenter
1261 3533 1287 3591 in
1306 3534 1352 3591 Dei
1366 3534 1446 3590 rebus
1458 3532 1576 3604 ignarus.

115 3640 240 3713 sequaris
251 3635 393 3694 introitum
416 3649 423 3687 z
440 3629 494 3687 noli
506 3626 611 3687 nescire
625 3624 695 3698 quod
711 3625 745 3684 ab
758 3623 877 3695 ingenito
890 3631 919 3683 et

151 3776 180 3849 (a
206 3775 285 3840 iles,
299 3769 416 3843 quisquis
430 3766 520 3822 omos·
1007 3768 1044 3840 (et
1058 3769 1092 3825 Et
1117 3770 1162 3827 ble
1182 3771 1247 3828 editi
1268 3772 1425 3844 particulam
1445 3775 1588 3838 negantem
1612 3765 1771 3838 predqtnrt3

152 3848 181 3918 (tr
210 3847 258 3901 llic
272 3858 288 3900 ι
301 3856 369 3898 mss.
385 3840 463 3895 abest
474 3837 615 3893 dumtaxat
628 3849 746 3893 morsm.
970 3842 1151 3897 renitentibus
1165 3858 1230 3897 mss.

151 3918 189 3991 (c)
202 3918 320 3975 Rursum
336 3912 381 3969 bie
397 3909 462 3971 edit.
488 3909 605 3983 {attimar
625 3920 636 3963 .·
656 3905 746 3963 denuo
771 3905 918 3965 emendan·
1006 3910 1044 3982 tr)
1061 3912 1170 3984 Aliquot
1186 3926 1251 3970 mss.
1273 3913 1366 3984 qoilrtts
1378 3911 1522 3973 retineris.-
1540 3925 1604 3967 mos
1626 3909 1707 3969 blieb.
1729 3924 1774 3967 cor

116 3987 463 4134 'mqrfftscri‘sslsis'reqearts
969 3981 1161 4055 otflipoa,non
1175 3983 1321 4063 corumque.

219 4075 277 4115 nm
312 4097 332 4125 .,
464 4091 473 4111 .

1486 4175 1757 4203 ..ιι-ινα*-

667 4283 1205 4422 ADMONITIO

437 4486 499 4572 IN
533 4483 764 4571 LIBRUM
792 4487 1035 4573 CONTRA
1066 4489 1451 4579 AUXENTIUM.

156 4746 176 4802 l.
193 4743 274 4803 Libro
290 4742 354 4809 troo,
376 4748 403 4799 ut
416 4755 478 4800 cum
500 4739 665 4811 Hieronymo
681 4736 725 4809 (de
740 4738 828 4810 Serip.
840 4739 918 4814 sect.)
931 4744 959 4807 Ι)
971 4739 1090 4810 priorum
1106 4741 1256 4803 editionum
1272 4743 1399 4814 lectione,
1414 4762 1465 4818 qua
1482 4749 1633 4808 dissentias
1656 4751 1690 4806 ito
1706 4752 1774 4808 seri-

118 4841 272 4912 lnquarmrr,
296 4837 430 4908 elegante,
447 4834 563 4891 tlitarius
585 4832 620 4890 de
633 4830 690 4891 suis
704 4847 766 4890 cum
784 4833 920 4895 luxerrtio
972 4833 1052 4891 bebat
1067 4850 1140 4891 ιιιιιιι.
1157 4833 1209 4891 te:
1224 4853 1275 4893 nott
1297 4848 1414 4909 oportere
1438 4839 1492 4897 libb
1513 4842 1690 4913 opiscoporum
1712 4845 1775 4899 nni·

121 4931 265 4990 blediolani
289 4930 372 5001 gestis
404 4926 554 4984 eatltoiicos
579 4925 711 4989 certiores
742 4927 815 4984 tacit.
840 4926 920 4991 illum
973 4935 1051 4983 tutent
1073 4937 1131 4999 post
1161 4937 1246 4985 tantos
1269 4930 1370 4988 labores
1391 4948 1423 4987 ee
1446 4934 1606 4990 coronatione
1631 4951 1772 5006 pancorum

123 5024 273 5082 Constantii
299 5031 431 5093 ternpore,
454 5034 487 5075 ac
516 5018 629 5090 proinde
650 5026 714 5077 anlc
735 5036 834 5077 annum
855 5019 921 5086 adt,
974 5022 1104 5081 tremissum
1120 5025 1240 5094 refricari
1262 5039 1387 5084 auseris
1404 5042 1537 5084 neennrrs
1551 5040 1610 5085 arrae
1635 5046 1716 5086 mes
1730 5031 1775 5087 rtr-

122 5116 226 5174 editum
248 5129 310 5171 ⁰⁸⁵2
335 5121 482 5185 repugnem
497 5112 621 5183 quamvis
638 5110 923 5175 boesonttreridean·
974 5131 1039 5182 serra,
1067 5124 1098 5172 ut
1119 5113 1152 5171 de
1174 5127 1332 5187 contemptu
1365 5119 1575 5177 Ariminensium
1600 5120 1773 5179 decretorum

125 5220 169 5266 tur
195 5206 372 5280 expendenda
398 5222 448 5264 stro
475 5207 536 5262 ioco
572 5205 692 5266 Facundi
719 5206 923 5270 llermianensis
974 5219 1133 5271 anteatinus
1147 5209 1241 5266 decom
1254 5211 1387 5269 editorum
1411 5213 1541 5284 conqueri
1555 5214 1703 5271 videretur.
1721 5216 1773 5274 vs-

120 5303 202 5360 rerba
218 5300 381 5376 (Focunates,
404 5311 422 5355 ι.
438 5316 467 5356 ιιι
482 5299 588 5371 Spictt..
605 5317 632 5372 p.
650 5299 723 5372 llil),
746 5298 839 5373 Neque
862 5316 921 5359 ms·
975 5317 1035 5361 rum
1058 5316 1092 5363 ex
1114 5316 1146 5361 ea
1169 5302 1226 5373 ipsa
1251 5302 1368 5360 lectione
1386 5304 1443 5375 jam
1473 5306 1602 5377 eastiqnta
1626 5307 1774 5367 internosci

121 5395 163 5468 qis
177 5392 284 5461 veritati
298 5401 480 5450 consentanea
495 5401 537 5458 est
549 5391 657 5449 Baronii
667 5406 700 5448 ac
713 5390 845 5452 Blendatli
856 5408 921 5451 sen·
976 5395 1067 5455 retius
1081 5404 1169 5465 potest
1185 5395 1264 5466 lrvrjos
1286 5397 1377 5467 operis
1399 5402 1516 5468 tempus.
1538 5396 1607 5457 Com
1630 5400 1702 5455 enim
1725 5414 1774 5471 pro

123 5487 216 5553 tentia,
241 5500 292 5558 qua
313 5498 376 5543 eum
390 5499 460 5540 anno
487 5482 542 5540 569
562 5483 693 5553 scriptum
710 5483 803 5540 volunt
826 5502 834 5541 s
859 5501 921 5545 ctttn
976 5486 1083 5559 olrjtetis
1103 5487 1211 5544 dometis
1230 5497 1290 5544 onte
1308 5504 1391 5546 annos
1413 5488 1509 5556 decem,
1533 5489 1674 5560 legendarii
1694 5490 1731 5549 sit
1744 5490 1776 5555 etr

124 5597 159 5640 eo
172 5590 292 5652 tempore
308 5578 433 5646 Hilarius,
450 5577 627 5653 Hieronymo,
649 5575 769 5647 Sulpicio
782 5579 883 5637 Severo
896 5588 925 5639 et
976 5580 1086 5656 objectis
1100 5591 1161 5639 onte
1179 5599 1261 5640 ortoos
1279 5584 1384 5650 decem·
1405 5599 1519 5652 cumque
1534 5585 1684 5647 besantius
1705 5599 1775 5658 qnqq

125 5674 256 5750 Greqorto
278 5672 429 5739 toronensi
453 5672 620 5743 auctoribus,
641 5686 657 5732 e
681 5672 752 5734 rivis
775 5674 925 5741 excessisse
984 5675 1046 5738 illos
1060 5677 1181 5748 abjectos
1194 5680 1337 5755 intettiqst,
1352 5680 1466 5758 subinde
1479 5681 1600 5741 declaret
1615 5679 1657 5761 bit
1669 5691 1762 5761 postte

127 5768 328 5849 comprobetur.
353 5767 488 5845 oseem
509 5773 624 5844 curque
655 5765 706 5828 tott
728 5781 763 5830 ex
795 5766 926 5834 merom
987 5770 1176 5851 mit'sptstole
1190 5788 1247 5835 sto
1264 5775 1373 5837 verbis:
1389 5776 1436 5839 Sit·
1459 5776 1527 5839 miss
1549 5776 1781 5855 restructione·
