3884 6136
70 220 128 286 957

699 210 743 273 DE
764 204 950 272 tututia'ttt
971 197 1074 266 ilenti
1093 201 1161 265 Vili.

1675 191 1730 258 rit

71 341 160 397 ileum
176 339 281 408 (lilim.
296 333 435 394 d⁰ffli¹¹¹¹m
459 334 522 393 iiiii
548 347 717 406 illicimus»
731 334 874 390 ⁰0ffli¹¹¹¹ffi
888 332 1080 403 Aurelianae
1093 362 1136 402 are
1150 361 1216 409 mea,
1229 340 1356 413 praeuiaus
1365 336 1481 397 faarutes
1494 335 1634 413 baptizarit
1648 351 1727 402 apua,

72 445 166 491 tamen
194 448 256 489 esse
280 447 336 488 uon
362 429 527 502 dieis3quia
551 428 598 486 tibi
625 428 664 504 (a)
688 445 720 485 ex
743 428 879 486 eonrmuui

70 541 177 598 genere
190 525 281 596 potius
295 532 323 580 et
346 522 472 578 familiari
496 523 615 592 nonriue,
633 537 712 592 onam
736 533 880 578 ornatura

71 617 109 677 sit
126 619 269 674 Dominus.
282 615 336 674 Sed
352 614 392 689 (bl
406 631 420 670 a
435 616 519 672 Paulo
533 615 607 672 disee
620 621 754 671 naturam.

109 713 157 771 29.
175 713 325 770 Gratiarum
344 712 494 769 divisiones.
506 745 541 756 -
553 712 680 785 Sequitur
698 713 791 769 enim:
808 712 881 768 fiiri-

72 808 162 864 siaues
174 818 261 863 autern
277 808 404 862 denarum
424 818 494 876 suut,
510 807 577 861 idem
592 816 675 863 aretem
689 806 803 877 Spiritus
823 815 879 873 est,·

74 911 101 957 et
115 901 255 956 divisiones
270 900 471 954 ministeriorum
486 909 555 966 sruu,
568 911 591 955 et
602 899 879 972 itleuripseflaminns,·

76 1001 103 1051 st
117 994 256 1050 divisiones
272 994 450 1065 operationum
470 1003 545 1059 snut,
568 993 636 1048 idem
651 1003 735 1047 auteur
748 992 825 1058 Deus,
837 993 881 1063 qni

77 1097 199 1158 operatur
209 1087 295 1141 omrrr'a
314 1086 339 1140 iu
350 1086 477 1141 amnibus.
492 1083 635 1157 Unicuique
649 1096 732 1141 autem
742 1085 881 1141 dntnruta·

77 1179 208 1253 nifeslatio
225 1178 339 1253 Spiritus
351 1178 400 1252 (e),
412 1179 447 1234 ad
460 1180 488 1234 id
501 1181 570 1251 arrad
591 1182 653 1237 ratila
673 1191 709 1236 ert
721 1179 802 1252 (ibid.
815 1183 843 1248 f,
856 1191 880 1237 et

79 1276 174 1345 segal.
194 1270 224 1328 fu
241 1273 367 1343 presenti
383 1286 510 1329 sermone
524 1271 699 1344 quadrimoda
719 1273 880 1345 significatio

79 1365 249 1438 intelligitur,
265 1381 326 1422 curu
342 1367 367 1422 in
384 1365 518 1422 dirisione
533 1365 664 1422 donorum
679 1367 750 1423 idern
763 1368 880 1440 Spiritus

79 1467 132 1526 est,
146 1469 176 1515 et
185 1459 213 1515 in
228 1457 362 1515 diuisione
376 1458 587 1516 ministeriorum
599 1460 669 1517 idem
682 1462 739 1532 ipse
750 1461 880 1518 Dominus

79 1561 134 1619 est,
149 1560 179 1610 et
191 1551 217 1608 in
232 1551 365 1609 diuisione
378 1554 564 1625 operationum
580 1554 652 1610 idem
668 1555 740 1611 Deris
750 1563 802 1621 est,
814 1564 842 1611 et
852 1553 879 1610 in

80 1645 204 1702 utilitatis
219 1645 329 1702 datione
347 1646 531 1703 rrrsnifestatio
543 1647 672 1718 Spiritus.
685 1648 774 1717 litque
789 1657 818 1703 ut
833 1647 880 1702 da·

930 458 975 497 ror
990 453 1074 496 autern
1089 439 1190 508 Spiritu
1208 449 1296 492 sancte
1312 436 1456 508 tinpenriui,
1472 450 1550 506 quera
1564 443 1589 486 et
1603 429 1735 500 accipietis

930 551 981 590 uon
995 543 1052 607 post
1073 533 1168 587 uruitos
1183 531 1229 586 fras
1247 531 1310 586 dies.
1341 529 1375 584 fit
1394 543 1500 586 rursum
1514 545 1521 580 :
1533 526 1586 583 Sed
1604 522 1735 595 accipietis

930 628 1047 682 uirtutem
1062 624 1254 695 superueniente
1271 622 1372 694 Spiritu
1392 631 1479 676 sancto
1502 620 1530 674 ia
1549 635 1605 684 nas,
1619 627 1642 671 et
1663 614 1735 670 eritis

931 719 994 774 uribi
1004 727 1078 773 testes
1090 719 1115 772 iu
1128 715 1284 780 Jerusalem,
1296 724 1319 770 et
1332 714 1403 770 arrrni
1413 713 1518 780 tudae,
1528 720 1551 766 et
1565 707 1698 772 Summis,
1712 712 1738 760 et

930 802 1737 883 usqueadultimumturretaliensi,etseg.).Prunrissioueur

931 903 1031 972 Patris,
1047 902 1151 976 ‹prrmde
1169 920 1216 960 ora
1233 903 1291 974 ejus
1302 901 1392 958 andita
1411 912 1463 970 cst,
1481 897 1632 971 exspectari
1645 895 1735 967 jubet.

931 993 1011 1052 Certe
1021 996 1103 1052 etiarn
1113 1010 1186 1051 nurre
1196 995 1254 1066 ejus
1263 1003 1382 1066 paternae
1393 990 1583 1065 promissionis
1596 986 1736 1060 eloquium

931 1079 1737 1159 est.PerbasigiturrirtuturuefficientiasmanifestatioSpi·

932 1179 1001 1236 ritus
1021 1188 1073 1237 est.
1086 1179 1178 1250 Neque
1188 1180 1260 1235 eninr
1272 1180 1298 1234 iu
1311 1179 1417 1234 occuito
1432 1186 1473 1233 est
1493 1173 1610 1246 Spiritus
1623 1173 1736 1238 dorium,

931 1271 978 1328 ubi
999 1287 1089 1328 sermo
1115 1271 1256 1343 sapientire
1271 1281 1322 1337 est,
1347 1281 1374 1327 et
1390 1269 1470 1326 rerba
1485 1268 1546 1323 sitm
1568 1262 1737 1323 audiuntur:

931 1367 976 1422 uel
1000 1368 1045 1423 ubi
1075 1365 1172 1423 diuinae
1201 1366 1364 1439 cognitionis
1386 1364 1496 1421 scientia
1518 1371 1576 1430 est,
1603 1376 1636 1416 ne
1657 1373 1740 1430 pecu·

934 1462 998 1518 dum
1029 1459 1111 1517 modo
1148 1477 1197 1534 per
1225 1462 1420 1533 ignorationem
1450 1458 1515 1525 bei,
1547 1456 1608 1512 rite
1638 1459 1739 1508 nastrm

932 1557 1088 1626 ignoremus
1104 1564 1241 1611 auctorem
1255 1572 1262 1607 ε
1276 1555 1316 1610 rel
1331 1570 1378 1626 per
1391 1552 1472 1609 fidem
1488 1551 1546 1617 bei,
1560 1565 1594 1606 ue
1608 1562 1661 1605 uon
1679 1560 1740 1603 erc·

931 1645 1027 1705 dentes
1047 1649 1221 1720 Erarrgelium
1249 1647 1309 1715 liei,
1333 1659 1410 1702 extra
1435 1644 1612 1714 Euangelium
1633 1642 1679 1697 liei
1704 1638 1741 1695 st·

84 1738 261 1795 tioutilitatis
283 1739 310 1795 in
333 1738 551 1796 manifestatione
565 1738 681 1811 Spiritus
704 1750 880 1807 rrosecrctur;
896 1730 994 1796 Burus
1012 1758 1018 1794 :
1034 1741 1075 1796 rel
1096 1756 1144 1810 per
1167 1741 1267 1796 donum
1292 1739 1470 1806 curationum,
1494 1746 1522 1792 ut
1538 1738 1653 1809 gratiam
1668 1736 1740 1811 ojus,

83 1831 215 1887 eorrtinuo
234 1830 384 1902 subjeetum
403 1839 466 1887 est:
484 1830 554 1886 flrsic
571 1832 672 1902 quidem
691 1849 736 1903 per
754 1832 882 1903 Spiritum

84 1923 162 1979 datur
174 1940 259 1980 sensa
277 1925 422 1996 sapientia,
441 1925 488 1980 alii
500 1936 585 1981 antem
604 1942 687 1982 sermo
708 1927 822 1983 scientia
839 1944 880 1983 se·

83 2018 196 2072 madum
204 2017 321 2072 eumdem
333 2016 471 2088 Spiritum,
483 2018 557 2073 alteri
571 2029 655 2074 trutem
669 2020 733 2090 fides
744 2019 784 2093 (a)
799 2023 825 2074 in
839 2037 882 2075 ea·

81 2107 138 2165 deta
150 2108 264 2179 Spiritu,
279 2110 325 2165 aiii
335 2111 430 2165 danum
443 2111 606 2165 curationum
620 2112 646 2166 iu
662 2110 750 2167 eodem
767 2111 881 2181 Spiritu,

79 2201 127 2258 eiii
148 2203 264 2275 operatio
284 2203 424 2269 uirtutum,
448 2203 494 2258 alii
515 2203 667 2276 praplretia,
694 2204 741 2259 eslii
762 2205 883 2259 discretio

87 2296 255 2367 Spiritalem,
275 2298 320 2352 aiii
340 2316 439 2371 partera·
455 2300 622 2370 iinpuaruur,
637 2300 683 2355 alii
706 2302 883 2372 interpretatio

79 2388 230 2459 linguarum
245 2387 343 2461 (triu,
357 2391 374 2447 8
385 2400 408 2445 et
420 2390 514 2464 sequ).

115 2480 162 2536 ab.
186 2479 304 2550 Spiritus
327 2484 510 2552 manifestatio.
525 2485 605 2540 -Et
626 2485 734 2557 quidem
759 2487 796 2555 id,
810 2488 882 2558 qrrod

79 2580 207 2642 quartum
220 2587 283 2630 esse
294 2573 421 2642 diximus,
437 2576 462 2631 id
477 2586 529 2641 est,
545 2578 570 2632 iu
587 2577 696 2635 datione
708 2580 831 2635 utilitatis
846 2580 883 2653 (e)

80 2662 200 2736 Spiritus
210 2666 466 2734 manifestationem,
479 2670 630 2725 absolutam
639 2671 717 2728 babet
728 2673 881 2745 intelligen-

79 2754 158 2813 tiam.
168 2756 505 2832 mssommemaratum
517 2767 588 2817 enirn
598 2773 650 2828 cst,
663 2779 712 2835 per
721 2779 787 2836 qrras
796 2765 884 2821 datio-

78 2866 150 2908 nnm
160 2852 290 2909 militares
304 2853 443 2911 fracesset
460 2855 578 2926 Spiritus
590 2855 783 2914 manifestatio.
801 2859 829 2914 lu
842 2860 884 2915 bis

80 2958 202 3015 namque
214 2944 377 3003 divisionum
397 2948 542 3004 virtualibus
558 2964 611 3004 uon
628 2952 729 3006 ineerta
746 2953 809 3007 tlrrni
832 2954 883 3009 fur·

76 3037 130 3110 ins
141 3040 263 3095 ostensio
275 3050 327 3108 est,
343 3040 378 3096 de
392 3056 446 3112 quo
460 3040 591 3097 Dominus
604 3042 638 3098 ad
651 3043 797 3114 Apostolus
808 3045 884 3103 ‹tise-

79 3140 139 3197 rat,
158 3131 319 3202 praecipiens
338 3130 391 3199 fris,
410 3133 443 3187 ue
467 3136 499 3187 ab
519 3133 691 3206 ierosolymis
709 3116 922 3206 discederent;C
974 3139 1019 3194 st.
1036 3138 1099 3194 fiae
1113 3139 1181 3194 dona
1197 3139 1265 3194 alius
1287 3149 1362 3210 atque
1384 3138 1450 3192 eslius
1470 3139 1593 3210 largitur,
1619 3147 1642 3194 et
1657 3145 1743 3193 tarsun

81 3222 177 3297 (oseti
190 3234 342 3295 exspectate,
360 3225 460 3296 inquit,
481 3227 678 3295 promissionem
694 3226 791 3298 Patris,
804 3248 882 3303 quarn

123 3386 164 3461 (1)
187 3387 230 3443 Vel
242 3404 288 3460 per
307 3388 550 3460 interpretationem,
566 3391 702 3461 quorrrodo
720 3401 798 3449 antea
810 3394 885 3452 dire·

79 3468 128 3516 rat
138 3476 186 3532 per
198 3460 287 3530 fidem,
297 3478 343 3532 per
353 3462 459 3530 danuru,
473 3478 518 3534 per
532 3465 715 3533 operationem,
728 3475 793 3534 ete,
806 3469 886 3538 paulo

124 3604 163 3677 la)
183 3604 298 3675 Gptimm
320 3614 391 3661 uotm
416 3619 481 3661 mss.
501 3604 703 3674 Garu.,Germ.
719 3623 780 3664 curu
802 3611 888 3668 tribus

82 3678 260 3743 colbertinis,
286 3693 319 3733 aa
340 3679 467 3732 carnrnuni
484 3678 570 3749 potius
588 3689 610 3731 et
632 3679 757 3750 [auriliuri
776 3684 885 3740 naariae.

82 3748 166 3807 Uarus
177 3751 293 3806 Sorbou.
309 3765 341 3804 ec
353 3751 492 3815 camurani,
512 3750 624 3821 periurii
640 3750 736 3820 potiris,
760 3763 813 3810 ete.
827 3754 886 3812 tar.

83 3822 159 3904 bas..
175 3832 203 3876 et
225 3819 334 3876 lfartin.
351 3836 384 3876 esc
403 3822 580 3877 camnruuieue
602 3821 702 3893 generis
723 3833 747 3877 et
761 3824 888 3894 parietina

83 3909 201 3949 nemine.

128 3963 168 4035 (1)
184 3962 270 4034 Apud.
287 3962 334 4019 Er.
353 3972 379 4019 et
395 3964 421 4019 in
437 3980 490 4020 nno
502 3981 553 4021 ms.
568 3965 681 4023 faties
697 3964 783 4022 Paulo
803 3976 826 4022 et
840 3967 889 4023 liei

83 4037 186 4105 spiritu
205 4037 231 4090 in
242 4052 272 4089 ea
288 4036 357 4090 disce
371 4047 501 4091 trutissant.
518 4038 595 4108 Apud
610 4037 684 4109 Lips.
700 4047 727 4093 et
742 4039 802 4094 i’ar.
826 4055 889 4095 uec-

85 4123 146 4164 non
167 4107 195 4162 iu
215 4121 266 4162 ms.
288 4104 369 4162 Curb.
389 4119 416 4161 ct
428 4107 528 4179 aliqrtnt
541 4109 612 4175 aliis,
635 4128 650 4162 n
665 4108 750 4163 Paula
764 4120 788 4164 et
802 4107 851 4165 Dei
866 4120 889 4166 et

87 4179 209 4250 Spiritus
227 4179 253 4232 iu
268 4194 297 4233 eo
316 4179 387 4233 disce
404 4188 532 4233 nutrirem.
549 4180 576 4235 ln
598 4180 684 4235 tribus
699 4180 775 4236 Golb.
794 4193 820 4237 et
836 4198 889 4237 uuo

88 4250 241 4307 Sarbane
259 4246 345 4303 Parsia
360 4249 408 4304 Dei
419 4250 548 4320 Spiritum
561 4254 587 4306 iu
602 4270 641 4318 ea,
661 4263 685 4307 et
701 4252 749 4306 bei
762 4253 830 4308 disce
842 4271 891 4308 rru-

88 4331 188 4377 trsrarrr.
198 4319 351 4391 Sisuplicrus
363 4330 400 4388 et,
413 4331 441 4374 ut
474 4332 591 4384 utamus,
603 4324 735 4381 sincerius
750 4324 828 4391 aaa„
842 4340 889 4395 op·

88 4394 177 4449 timus
186 4391 269 4448 codex
282 4392 360 4447 Golb.
373 4407 433 4447 cum
446 4337 540 4456 darii„
556 4394 677 4461 Martia,
687 4395 791 4461 Germ,
810 4396 887 4452 liud.

89 4464 162 4523 Sile.
174 4479 207 4520 ae
216 4463 321 4519 dnobus
333 4462 418 4519 intio.
432 4481 448 4518 a
460 4463 544 4521 f’ardo
555 4466 624 4522 disce
635 4476 766 4530 naturam,
777 4469 827 4523 lroc
837 4476 889 4531 esi,
904 4444 932 4506 D

91 4552 154 4608 φη
167 4537 252 4606 ipsius
265 4535 302 4589 sit
315 4542 420 4601 nelina,
436 4546 460 4589 et
473 4552 553 4606 qnam
565 4555 621 4593 nou
636 4554 672 4594 ex
688 4537 891 4609 ntrrrcupatioue

91 4607 195 4671 sotum,
206 4605 253 4662 sed
266 4622 329 4661 rere
348 4615 375 4661 et
387 4621 419 4661 ex
434 4617 526 4662 aratura
541 4609 576 4664 sit
595 4609 725 4664 bonriuus
741 4628 747 4664 :
764 4612 835 4680 quod
852 4611 893 4665 fu-

92 4680 202 4735 sissime
220 4677 359 4748 probatur.
379 4676 501 4749 fiamque
519 4680 553 4734 ab
574 4680 636 4736 lrirre
660 4696 744 4750 astrue
756 4681 789 4735 ad
814 4699 841 4737 n.
858 4681 893 4737 55

93 4748 264 4807 demoustrat
284 4748 411 4814 Hilarius,
436 4750 517 4805 aliurn
539 4753 648 4822 qrridem
667 4767 728 4807 osse
743 4752 827 4808 Deum
843 4753 893 4807 Pu-

95 4831 178 4890 trem,
201 4822 282 4877 atium
296 4819 439 4876 Dominum
455 4820 546 4877 iesum
569 4822 718 4888 Christum,
743 4825 893 4880 sedunum

95 4901 188 4950 umen
208 4893 349 4963 utriusque
371 4892 514 4963 Spiritum,
538 4910 616 4949 uuam
638 4909 699 4950 esse
713 4895 893 4962 divinitatem,

94 4965 177 5035 eojrrs
200 4967 290 5020 uirtus
315 4976 464 5020 aeriarum
486 4965 565 5021 danis
587 4967 643 5021 ¹suis
666 4965 807 5022 nrmrilesta
838 4968 894 5022 liat.

95 5036 195 5165 ῧιέιιςι
207 5051 273 5092 nero
293 5035 412 5106 apertius
431 5036 550 5092 osteudit
566 5035 702 5093 Glrristunr
719 5050 814 5093 natura
837 5054 897 5096 csse

139 5124 253 5165 uranum.

134 5199 172 5272 (c)
187 5199 215 5256 br
234 5216 285 5255 ms.
301 5197 383 5256 erin.
398 5198 513 5271 Spiritus
525 5200 681 5258 illuminatio
696 5203 730 5257 ad
752 5204 897 5259 utilitatem.

97 5269 138 5329 ita
158 5274 266 5343 quidem
291 5272 407 5328 babetur
429 5271 475 5328 lib.
500 5288 530 5337 rt,
555 5290 582 5327 u.
599 5277 645 5339 51,
669 5277 901 5332 eorrsentientibns

98 5343 210 5414 scriptis
221 5344 301 5400 simul
320 5355 348 5400 et
366 5346 474 5401 excusis
489 5362 496 5398 ι
512 5344 596 5401 alfric
615 5347 694 5403 aliter
709 5347 849 5417 legendum
866 5348 900 5403 li·

99 5426 165 5486 quel
180 5432 212 5472 ex
226 5416 365 5474 subnexis.

136 5508 180 5581 (d)
201 5511 247 5568 Sic
272 5526 363 5584 greco
385 5519 460 5567 testu
483 5510 646 5583 sirttragmue
671 5512 768 5587 legitur
793 5515 838 5570 lib.
862 5529 898 5580 u,

99 5596 130 5639 n·
145 5584 193 5649 isi,
208 5592 236 5640 et
254 5582 300 5639 irie
315 5583 343 5639 in
367 5582 514 5652 exemplari
528 5582 610 5639 Garu.
628 5585 672 5640 ubi
689 5586 715 5641 iu
742 5585 847 5640 biartiu.
871 5586 899 5639 in

98 5668 156 5710 aaa
168 5656 268 5726 spiritu,
281 5656 308 5711 in
321 5654 382 5710 aliis
394 5664 496 5719 auteur,
509 5655 537 5709 iu
551 5656 666 5712 eamdem
680 5657 820 5730 Spiritum.
834 5656 900 5713 Post

10 5754 13 5763 ·
97 5739 191 5804 parrer
203 5742 308 5785 rursum
326 5726 425 5798 vulgati
438 5725 481 5782 bic
502 5741 557 5797 prae
568 5742 599 5785 se
613 5727 732 5787 ferentes
746 5729 900 5800 irrterpreta·

933 1834 978 1905 qrri
994 1833 1052 1890 lime
1067 1835 1170 1902 tribuit,
1184 1834 1370 1889 infirmitatum
1384 1832 1525 1888 curatione
1537 1834 1739 1890 testemurzrel

934 1940 982 1996 per
997 1928 1181 1998 operationem
1196 1927 1335 1992 uirtutum,
1349 1935 1377 1981 ut
1390 1925 1461 1996 quod
1474 1925 1589 1997 agimus,
1607 1923 1654 1981 Dei
1677 1941 1738 2008 csse

935 2017 1075 2093 (plriuus
1098 2020 1342 2092 intelligatur2vel
1367 2034 1414 2090 per
1437 2016 1617 2090 prupbctiam,
1641 2026 1670 2073 nt
1691 2034 1740 2091 per
1762 2076 1765 2081 ,

937 2113 1068 2169 doctrinae
1084 2113 1288 2185 intelligentiam
1304 2112 1485 2184 intelligamur
1498 2127 1531 2167 ex
1546 2111 1603 2167 lieo
1617 2110 1716 2167 eruditi
1731 2125 1739 2168 t

937 2207 981 2262 uel
1005 2221 1052 2277 per
1075 2206 1266 2262 discretionem
1287 2205 1442 2276 spirituum,
1468 2219 1502 2259 ne
1524 2202 1609 2274 ignari
1639 2203 1735 2270 sinsus,

935 2305 1030 2354 sarrcto
1044 2314 1077 2355 au
1091 2314 1219 2371 perverso
1233 2297 1329 2370 spiritu
1343 2298 1402 2369 uuis
1416 2297 1561 2368 lorpuatur:
1578 2296 1619 2352 rel
1633 2311 1680 2367 per
1690 2311 1737 2369 ge·

935 2406 1000 2447 uera
1015 2391 1178 2461 linguarum,
1193 2402 1221 2447 ut
1233 2390 1272 2465 (b)
1288 2391 1314 2447 in
1330 2391 1435 2462 signum
1453 2389 1509 2446 doli
1521 2389 1637 2461 Spiritus
1652 2391 1739 2448 sancti

940 2483 1091 2556 linguarum
1106 2501 1196 2541 sermo
1213 2483 1363 2558 donaturi!
1379 2481 1439 2539 Cer.
1461 2499 1516 2550 xrs,
1532 2483 1580 2556 G):
1598 2482 1638 2557 (t)
1649 2483 1691 2540 rel
1710 2484 1739 2539 in

940 2578 1163 2647 interpretatione
1181 2577 1343 2648 linguarum,
1363 2593 1397 2633 ne
1417 2577 1584 2648 ignoratione
1598 2575 1664 2632 fides
1687 2591 1736 2631 au-

934 2669 1065 2727 dientium
1080 2672 1256 2741 periclitetur,
1271 2683 1333 2724 eum
1353 2670 1471 2741 linguam
1488 2669 1674 2741 ignorantibus
1688 2669 1740 2724 liu-

935 2781 993 2836 guae
1008 2766 1197 2836 interpretator
1212 2764 1337 2820 absoluit.
1352 2762 1380 2819 lu
1401 2764 1442 2818 bis
1462 2763 1543 2834 igitur
1565 2763 1690 2818 omuibus
1705 2761 1739 2819 ad

936 2859 1077 2915 utilitatem
1089 2860 1235 2930 unicuique
1248 2857 1343 2915 diuisis
1356 2857 1536 2915 manifestatio
1556 2857 1674 2929 Spiritus
1687 2866 1740 2927 est,

938 2966 986 3021 per
1006 2953 1055 3005 lias
1075 2952 1180 3007 seilicet
1204 2950 1273 3007 datm
1297 2950 1441 3022 unicuique
1463 2949 1544 3024 235
1564 2948 1597 3023 (1)
1619 2948 1743 3008 utilitatis

935 3044 1129 3100 admirationes
1143 3045 1215 3101 dono
1233 3044 1349 3116 Spiritus
1365 3060 1418 3099 nou
1435 3042 1546 3100 latente.

939 3251 1006 3290 unus
1036 3234 1163 3306 Spiritus.
1185 3263 1222 3276 ·-
1245 3232 1345 3289 Teruril
1369 3241 1461 3288 autern
1485 3231 1582 3289 beatus
1605 3231 1743 3305 apostolus

940 3406 1011 3470 post,
1026 3397 1150 3454 absoluat.
1163 3396 1232 3455 'funs
1244 3397 1366 3466 iuferius,
1379 3396 1497 3454 utilitatis
1508 3396 1697 3454 admirationis.

941 3616 977 3671 tio
994 3633 1156 3686 suerranum,
1182 3633 1235 3674 non
1262 3618 1410 3689 finpnarnm
1426 3614 1602 3673 :refutantur
1621 3631 1656 3673 es
1676 3630 1744 3675 ruse.

942 3695 1014 3743 textu
1029 3707 1126 3760 graeco,
1143 3699 1170 3746 et
1183 3690 1304 3759 subjecta
1320 3689 1552 3761 interpretatione.

978 3781 1013 3853 (a)
1025 3783 1103 3851 epm
1119 3783 1180 3838 Par.
1198 3783 1304 3855 spiritns
1329 3782 1566 3854 ruanilestatiarurm
1578 3797 1587 3837 :
1601 3781 1743 3837 mendose.

941 3851 1026 3922 bingis
1044 3855 1162 3924 placeret
1181 3854 1355 3924 usrruifestatia
1368 3870 1378 3908 .·
1393 3852 1441 3909 scd
1464 3853 1694 3922 rrranifestatiouem
1710 3851 1744 3908 ad

942 3928 1091 3994 proximum
1103 3928 1213 3982 rerlrum
1226 3925 1339 3980 dicimus
1351 3923 1455 3980 referre
1469 3926 1542 3980 licet.

977 4015 1012 4088 (i)
1028 4017 1108 4085 ildini,
1120 4018 1165 4072 scd
1176 4025 1358 4088 exspectarent.
1373 4015 1441 4071 Tum
1457 4014 1532 4086 Lips.
1549 4025 1576 4072 el
1591 4016 1652 4071 Par.
1667 4031 1747 4087 quam

943 4090 1052 4144 credistis
1072 4089 1162 4159 inquit.
1182 4088 1217 4145 At
1239 4090 1265 4145 iu
1287 4088 1412 4143 auruibus
1434 4103 1499 4143 mss.
1526 4085 1746 4155 exspectatetetri

942 4159 1025 4214 serbo
1037 4161 1062 4216 in
1075 4161 1159 4216 tribus
1173 4171 1276 4215 tuntum
1289 4161 1412 4230 proxime
1423 4159 1566 4229 subiicitur
1578 4160 1670 4230 iuquit,
1684 4173 1745 4214 euru

942 4246 1028 4302 neque
1044 4233 1097 4292 bie.
1114 4247 1202 4302 rrerpue
1217 4243 1277 4302 post
1298 4241 1386 4287 exstet
1401 4232 1427 4286 iu
1443 4230 1516 4287 aliis.
1532 4229 1592 4286 blus
1608 4235 1634 4284 iu
1650 4230 1744 4298 ento..

943 4303 1034 4371 Catu,
1047 4304 1167 4373 binatim,
1183 4303 1276 4361 Germ.
1292 4303 1495 4374 baptizabimini,
1507 4317 1561 4357 uon
1573 4302 1717 4374 tirrperuiui.

981 4438 1019 4513 (p)
1048 4439 1075 4495 lu
1102 4440 1234 4513 vulgatis,
1256 4441 1357 4496 uirtutis
1380 4439 1566 4514 intelligamus.
1589 4439 1657 4498 'futu
1673 4439 1744 4512 apud

944 4512 1007 4638 {iaci
1021 4523 1047 4568 et
1062 4513 1107 4568 Er.
1119 4516 1159 4568 uel
1173 4529 1218 4584 per
1230 4514 1401 4587 propheticus,
1417 4521 1445 4568 ut
1457 4530 1503 4583 per
1515 4513 1658 4569 doctrinam
1671 4513 1745 4568 intel·

955 4601 1064 4638 taurus.

964 4601 1022 4728 θυι)
1036 4655 1121 4710 Abest
1131 4657 1156 4710 in
1172 4670 1186 4708 a
1203 4670 1269 4711 mss.
1282 4653 1361 4711 Calb.
1377 4655 1482 4711 blartiu.
1496 4665 1524 4712 et
1538 4653 1630 4712 Germ.
1643 4655 1710 4712 Tum
1720 4654 1747 4711 in

946 4726 1037 4790 editis,
1053 4725 1107 4780 dati
1121 4726 1246 4797 Spiritus,
1264 4728 1322 4783 siue
1335 4728 1427 4783 sarrcti.

983 4796 1014 4870 (i)
1031 4796 1112 4864 Editi,
1144 4798 1262 4852 utilitatis
1282 4799 1529 4854 administrationes.
1554 4796 1664 4853 Rectius
1680 4811 1745 4853 mss.

948 4884 1054 4925 surunru
1066 4883 1211 4929 consensu.
1225 4869 1345 4923 utilitatis
1357 4868 1552 4933 adstriratiaues,
1569 4869 1611 4924 rel
1624 4870 1748 4924 utilitates

949 4940 1221 5012 adusiratiauis:quia
1244 4941 1368 4995 nimirum
1394 4940 1494 4997 utilitas
1518 4938 1599 4995 tundo
1622 4957 1676 4996 uun
1699 4939 1748 4996 itu-

951 5028 1031 5067 ruauo
1043 5015 1158 5080 praesuta
1174 5011 1381 5068 adspirationem
1395 5011 1506 5078 excitur,
1521 5027 1553 5066 ae
1562 5012 1689 5083 Spiritus,
1701 5026 1748 5067 cu-

949 5085 993 5154 jus
1007 5083 1127 5140 subsidio
1148 5083 1295 5146 confertur,
1314 5084 1431 5138 diuinam
1449 5084 1574 5140 virtutem
1589 5083 1676 5154 palam
1696 5083 1747 5144 de·

951 5155 1046 5212 clarat.
1069 5154 1115 5213 Sie
1143 5154 1190 5211 lib.
1207 5169 1252 5223 ιιι,
1270 5169 1298 5210 u.
1316 5156 1343 5219 5,
1364 5152 1500 5211 sabellius
1521 5155 1569 5211 bei
1594 5157 1620 5211 in
1639 5154 1748 5210 cbristo

952 5236 1074 5283 naturam
1087 5244 1131 5300 per
1140 5236 1267 5298 gestarum
1278 5227 1474 5281 adrnirutianem
1483 5226 1626 5298 aguuuisse
1635 5226 1747 5292 dieitur;

953 5309 980 5354 et
995 5298 1042 5355 lib.
1062 5299 1087 5353 in
1111 5297 1298 5355 Constantium
1315 5316 1341 5354 u.
1362 5298 1379 5354 8
1400 5297 1579 5366 predicantur
1598 5297 1751 5353 admiratio·

952 5387 1014 5425 nuru
1029 5388 1107 5440 opera
1117 5386 1208 5425 eruam
1220 5370 1380 5426 venerandis
1394 5370 1541 5439 blnrtyrum
1554 5371 1661 5424 ossibus
1685 5383 1752 5424 cuu-

931 5450 934 5455 '
951 5453 1051 5513 specta.
1061 5443 1181 5514 Denique
1193 5440 1219 5497 in
1231 5441 1300 5512 psai.
1314 5456 1370 5505 xcr,
1381 5458 1407 5496 n.
1420 5443 1448 5507 1,
1462 5441 1503 5495 bis
1523 5441 1621 5505 verbis,
1636 5451 1663 5494 nt
1674 5437 1752 5496 Crea-

951 5515 1013 5569 toria
1031 5524 1140 5581 potestas
1154 5530 1199 5584 per
1222 5523 1349 5568 creaturae
1364 5512 1561 5566 admirationem
1575 5522 1660 5581 posset
1675 5512 1752 5568 iutel-

951 5586 1007 5658 lipi,
1020 5584 1070 5641 ista
1089 5586 1222 5642 trabeotur
1240 5599 1402 5658 synonyma,
1416 5593 1443 5636 ut
1455 5598 1500 5655 per
1511 5584 1578 5638 barre
1591 5583 1753 5657 conspicabi-

950 5657 1015 5712 lium
1028 5673 1134 5730 eperum
1149 5657 1350 5728 mapuitndinem
1362 5655 1442 5711 nutus
1456 5656 1512 5726 ejus
1529 5655 1573 5725 gui
1588 5655 1641 5713 bae
1661 5672 1753 5730 apere⁴

950 5736 991 5785 tus
1006 5740 1042 5786 est
1056 5737 1260 5802 copnasceretur.
1274 5726 1307 5784 V.
1322 5728 1372 5787 tib.
1383 5741 1423 5798 ιιι,
1434 5740 1462 5785 n.
1475 5725 1493 5783 5
1504 5734 1533 5785 et
1544 5728 1573 5784 b'.
