3884 6136
140 205 181 265 55
743 199 789 259 DS
807 199 996 261 rutumnrtt
1014 200 1121 262 mann
1132 203 1168 262 ΙΙ.
1769 217 1807 276 54
1879 152 1885 166 ’

141 320 311 391 concedens,
331 334 387 378 non
404 333 439 376 ex
461 317 517 376 Deo
535 316 685 386 hominem,
705 316 754 374 sed
779 332 813 375 eri
836 317 948 374 homine
959 317 988 382 A
1000 318 1088 375 urinis
1101 318 1142 392 (ι)
1149 332 1247 376 εεεεεε
1261 319 1382 378 incertm
1395 327 1448 379 εει.
1456 319 1529 396 Ergo
1538 328 1743 399 nonpraeceptis
1757 330 1807 386 ali·

143 416 233 474 ὓειιιε
242 412 380 487 prolerat;
392 425 482 483 acque
496 411 648 468 subsistens
657 419 737 468 antea
746 409 819 482 quod
829 411 856 466 iu
870 402 948 482 pitu·
1000 411 1065 484 quid
1079 410 1233 470 addendum
1246 423 1299 482 est,
1314 413 1363 471 sed
1373 415 1471 473 modus
1483 426 1525 474 est
1537 421 1744 480 constituendus
1757 439 1805 481 aii·

146 509 222 581 cipio
234 507 304 580 apud
317 507 402 563 Deum
417 513 475 562 erat
489 504 561 564 Deus
577 504 696 563 Verbum
716 505 795 577 virgo
808 503 848 578 (a)
859 517 949 562 susee-

141 603 226 675 perit‚
243 600 291 657 scd
315 614 426 656 carnem
452 598 575 672 genuerit
602 612 651 670 per
672 596 803 667 verbum;
833 597 896 669 quia
920 596 949 653 in

144 696 237 753 Verbo
249 704 329 751 antea
344 692 455 766 (iinon
467 692 607 750 existentis
621 692 752 765 unigeniti
767 689 815 747 Dei
824 700 948 746 naturam

141 788 226 856 dicat,
240 786 288 844 sed
303 801 401 843 sonum
413 786 488 842 vocis
500 785 622 842 elatum:
639 796 668 840 ut
686 784 768 856 aliqui
780 784 861 855 hujus
876 798 948 840 nunc

141 883 274 955 temporis
286 880 492 954 predicatores,
505 879 551 951 qui
563 895 597 937 ex
608 878 693 935 nihilo
703 887 810 951 atquae
826 887 947 950 tempore

141 977 260 1034 lormam
273 985 300 1032 et
309 975 471 1045 sapientiam
487 976 513 1028 'et
526 971 653 1028 virtutem
668 972 717 1028 Dei
733 971 901 1043 provehunt;
913 986 947 1028 ne

141 1070 167 1126 si
182 1085 216 1125 ex
230 1069 309 1124 Putre
323 1067 358 1123 sit
371 1066 467 1134 Filius,
482 1066 553 1122 Deus
567 1065 604 1121 sit
615 1065 775 1121 imminutus
786 1065 813 1120 iii
826 1063 945 1132 Filium3

139 1164 252 1222 solliciti
271 1162 397 1230 nimiunn,
412 1177 446 1218 ne
457 1162 564 1218 Patrem
587 1161 672 1217 Filius
686 1160 721 1217 ab
735 1175 768 1216 eo
792 1169 870 1216 uatus
883 1174 947 1216 eva·

139 1270 205 1318 cuet
222 1279 230 1316 a
244 1268 324 1332 atque
339 1257 442 1314 idcireo
454 1257 511 1312 Deo
523 1256 550 1312 in
562 1255 608 1311 tilii
620 1256 760 1312 creatione
771 1252 943 1322 subveniant,

140 1370 206 1410 eum
222 1369 254 1410 es
267 1368 318 1408 non
329 1349 502 1407 exstantibus
510 1348 703 1421 comparando,
717 1355 745 1403 ut
757 1348 828 1402 intra
841 1356 944 1402 naturas

140 1464 201 1504 sum
213 1445 407 1519 perfectionem
430 1444 520 1510 Pater,
538 1442 599 1515 quia
621 1442 687 1498 nihil
713 1458 746 1497 ex
765 1457 798 1497 eo
816 1441 850 1497 sit
870 1440 944 1513 geni·

139 1552 210 1608 tum,
224 1548 389 1614 perseveret.
405 1539 538 1597 Jamvero
552 1539 616 1611 quid
630 1540 740 1608 mirum,
756 1547 785 1595 ut
797 1539 831 1595 de
841 1538 944 1611 Spiritu

139 1645 236 1693 sancto
260 1635 368 1691 diversa
391 1632 429 1704 (c)
454 1633 583 1699 sentiant,
609 1631 705 1702 quiin
732 1632 860 1703 largitore
885 1631 943 1702 ejus

1000 503 1085 561 ducta
1101 523 1108 562 :
1123 514 1151 561 ut
1170 506 1232 578 quia
1251 507 1406 579 malignitas
1424 510 1553 568 instinctu
1572 512 1714 572 diabolice
1729 515 1805 573 irau-

1000 596 1128 656 duleiitiae
1151 600 1267 657 excitata
1292 604 1430 660 veritatem
1452 621 1542 663 rerum
1566 623 1615 680 per
1632 620 1737 667 naturae
1752 627 1804 667 no·

1000 693 1073 748 iniria
1084 692 1186 762 eludit,
1200 709 1251 751 nos
1265 694 1307 768 (ὅ)
1319 703 1443 754 naturam
1456 700 1597 757 numinum
1613 704 1802 775 proferantus3

999 795 1027 841 et
1041 785 1131 854 editis,
1148 796 1227 857 prout
1240 789 1266 844 in
1281 789 1371 846 verbis
1386 790 1561 864 habebimus,
1574 794 1707 868 dignitate
1722 808 1803 870 atque
1865 788 1868 793 ’

999 877 1089 935 allicio
1105 880 1211 951 Patris,
1227 880 1309 949 Filii,
1326 882 1444 955 Spiritus
1456 886 1555 954 saneti,
1570 904 1625 945 non
1641 889 1804 946 lrustrentur

999 983 1102 1031 nature
1122 976 1333 1047 proprietatibus
1351 981 1480 1050 nomina,
1496 982 1544 1039 sed
1559 983 1630 1040 intra
1648 995 1752 1041 nature
1767 988 1806 1040 st·-

998 1067 1197 1139 gnilicationem
1221 1070 1377 1128 nominibus
1400 1083 1567 1132 coartentur.
1583 1076 1617 1132 Et
1632 1079 1725 1134 neseio
1739 1078 1803 1149 quid

997 1157 1032 1215 de
1052 1158 1094 1215 his
1111 1161 1193 1217 rebus
1207 1161 1285 1219 aliter
1304 1165 1486 1223 sentientibus
1500 1168 1585 1224 animi
1598 1168 1644 1231 sit,
1659 1171 1802 1227 veritatem

997 1254 1243 1325 corrumpentibus,
1260 1257 1387 1313 tenebras
1402 1258 1443 1332 (l)
1456 1260 1511 1316 luci
1525 1261 1715 1332 inlereutibus,
1732 1262 1804 1320 insc-

997 1345 1093 1402 cabilia
1109 1347 1316 1418 desecantibus,
1331 1351 1487 1423 incorrupta
1513 1356 1716 1424 scindentibus,
1732 1357 1803 1414 inili-

997 1438 1053 1494 visa
1065 1439 1254 1510 partientibus.
1273 1440 1312 1516 (g)
1327 1445 1430 1514 Quibus
1452 1446 1476 1503 si
1500 1447 1541 1521 (5)
1554 1458 1657 1504 tantum
1678 1449 1750 1506 lactu
1763 1450 1804 1506 la·

997 1534 1048 1590 eile
1069 1546 1112 1591 εει
1135 1536 1257 1607 perlecta
1276 1551 1460 1611 concerpere,
1473 1541 1519 1612 jus
1538 1558 1640 1614 ponere
1661 1546 1799 1616 potestati,

996 1627 1105 1684 niodum
1128 1631 1352 1697 circumscribere
1370 1633 1476 1690 inhriito
1493 1654 1500 1690 :
1516 1635 1584 1691 inibi
1598 1647 1672 1694 certe
1692 1639 1734 1694 his
1757 1654 1802 1695 re·

140 1732 269 1800 creando,
285 1739 313 1786 et
326 1728 504 1798 demutando,
530 1736 558 1784 et
579 1726 713 1784 abolendo
729 1736 783 1783 tarn
808 1728 944 1783 temerarii
959 1729 984 1791 Β
997 1721 1140 1791 spondenti
1153 1722 1180 1778 iii
1194 1723 1269 1779 curis
1284 1733 1367 1780 estus
1377 1734 1429 1793 est,
1440 1726 1556 1784 insensu
1571 1728 1646 1785 labes
1660 1727 1693 1802 (f.
1711 1730 1801 1804 tabes)

135 1825 193 1881 sint
206 1823 351 1880 auctorest
362 1831 444 1892 atque
458 1821 494 1876 ita
510 1819 658 1876 dissolvant
674 1819 786 1890 perlecti
800 1819 881 1891 hujus
899 1835 944 1875 sa·

135 1917 270 1974 crementi
286 1915 439 1981 veritatem,
452 1911 565 1987 dum(d)
577 1912 745 1970 substantias
754 1913 943 1968 diversitatum

135 2011 164 2067 in
188 2010 270 2066 rebus
284 2018 337 2064 tam
365 2007 556 2064 communibus
571 2007 741 2063 moliunturr
766 2006 874 2062 Patrem
895 2021 943 2063 ue-

135 2103 236 2176 gando,
252 2101 316 2159 dum
328 2101 398 2158 Filio
410 2099 483 2172 quod
501 2108 543 2156 est
558 2099 631 2155 lllius
644 2099 787 2166 adimunt,
811 2097 941 2169 Spiritum

134 2205 259 2252 sanctum
273 2194 315 2269 (l)
329 2194 453 2266 negando
469 2192 516 2266 (ε),
533 2193 598 2249 dum
612 2202 639 2249 et
649 2208 728 2249 usum
750 2201 779 2248 et
795 2202 940 2249 auctorem

134 2290 338 2361 ejosignorant.
348 2287 388 2344 lta
399 2295 428 2343 et
437 2286 579 2358 imperitos
589 2286 718 2358 perdunt,
728 2285 793 2342 dum
804 2288 939 2343 rationem

133 2380 337 2455 predicationis
361 2378 442 2450 huius
457 2376 611 2444 alhrmant;
628 2387 656 2434 et
669 2377 811 2435 audientes
831 2377 938 2448 lallunt,

132 2474 199 2531 dum
216 2484 339 2530 naturam
350 2470 507 2528 nominihus
521 2470 654 2538 adimunt,
670 2472 732 2542 quia
759 2472 868 2527 nomina
884 2487 939 2528 noir

133 2577 249 2640 possunt
259 2564 365 2622 auferre
379 2573 491 2621 naturae.
503 2563 687 2619 Praetermitto
703 2562 805 2635 reliqua
826 2563 937 2620 humani

132 2665 248 2738 periculi
260 2665 381 2730 nomina,
393 2662 563 2730 Valentinos,
578 2660 761 2729 Marcionitas,
775 2660 937 2718 blanichaeos

133 2768 281 2832 pestesque
293 2768 415 2824 caeteras,
435 2771 496 2827 que
508 2752 645 2810 interdum
658 2754 844 2825 imperitorum
862 2769 938 2811 meu-

133 2866 176 2912 tes
189 2860 333 2923 occupant,
349 2860 377 2908 et
391 2849 451 2920 ipso
464 2848 590 2920 contagio
603 2848 817 2904 conversationis
826 2849 881 2922 29
894 2849 937 2904 in·

131 2948 229 3004 ficiunt
243 2964 250 3001 ε
264 2945 348 3016 litque
362 2943 483 3000 omnium
496 2942 553 2998 lues
568 2957 632 3006 una,
648 2940 711 2996 dum
727 2942 753 2996 iu
768 2941 935 2998 audientium

130 3057 243 3099 sensnm
258 3038 462 3110 predicantium
476 3035 587 3092 morbus
601 3035 761 3092 inluuditur.

995 1825 1047 1883 est,
1066 1817 1093 1872 in
1118 1816 1295 1888 intelligentia
1315 1828 1410 1890 stupor
1433 1830 1493 1887 est;
1509 1821 1535 1876 in
1559 1837 1687 1879 sermone
1708 1831 1800 1879 autem

995 1926 1048 1966 novi
1067 1912 1123 1983 jam
1147 1912 1345 1978 infirmitatem,
1360 1913 1408 1970 sed
1431 1915 1569 1971 silentium
1588 1915 1750 1973 confitebor.
1765 1916 1800 1973 Et

994 2013 1069 2060 corte
1085 2005 1151 2060 mihi
1162 2015 1339 2078 extorquetur
1350 2006 1402 2064 hoo
1412 2007 1493 2076 velle,
1505 2009 1570 2065 dum
1584 2018 1612 2066 et
1626 2010 1746 2066 audacias
1759 2026 1800 2067 rc-

993 2098 1113 2166 sistitur,
1128 2108 1156 2155 ct
1168 2102 1254 2156 errori
1269 2102 1435 2170 consulitur,
1450 2113 1478 2160 et
1498 2105 1658 2176 ignorantie
1671 2106 1798 2177 provido·

993 2199 1047 2248 tur.
1063 2192 1227 2250 Immensum
1248 2203 1290 2251 est
1308 2205 1402 2254 autem
1418 2198 1490 2269 quod
1502 2199 1630 2271 exigitur,
1645 2201 1798 2274 incompre-

992 2283 1126 2343 hensibile
1147 2298 1189 2343 est
1211 2287 1283 2359 quod
1304 2290 1435 2359 audetur;
1452 2301 1480 2347 nt
1503 2292 1573 2349 ultra
1587 2295 1795 2365 praefinitionem

993 2380 1051 2446 Dei,
1068 2394 1159 2437 sermo
1178 2381 1213 2438 de
1232 2383 1288 2439 Deo
1302 2384 1348 2440 sit.
1363 2384 1457 2441 Posuit
1477 2393 1581 2443 iraturae
1602 2390 1712 2444 nomina
1725 2431 1732 2456 ,
1747 2389 1798 2452 Pa·

992 2482 1078 2542 trem,
1094 2474 1209 2543 Filium,
1225 2476 1358 2548 Spiritum
1383 2487 1518 2536 sanetum.
1540 2479 1624 2536 Dstra
1639 2482 1795 2553 significan·

992 2568 1056 2624 tiam
1081 2569 1216 2625 sermonis
1236 2579 1289 2638 est,
1303 2579 1380 2627 extra
1401 2587 1497 2629 sensus
1513 2573 1701 2641 intentionem,
1718 2584 1796 2630 extra

990 2662 1177 2733 invehigenvie
1187 2663 1406 2734 conceptionem,
1420 2665 1549 2736 quidquid
1561 2667 1631 2721 ultra
1645 2665 1684 2738 (6)
1697 2667 1795 2738 quieri-

991 2766 1103 2824 tur,noii
1119 2757 1284 2822 enuntiatur,
1300 2773 1353 2812 non
1364 2757 1514 2828 attingitur,
1526 2773 1580 2812 non
1593 2766 1710 2813 tenetur.
1726 2759 1794 2816 Ver-

988 2848 1083 2904 borum
1098 2846 1305 2918 sigiiilicantiam
1319 2849 1358 2904 rei
1374 2849 1560 2920 ipsiusnatura
1575 2852 1795 2918 eonsumit,sen-

987 2958 1034 2998 sus
1046 2943 1303 3011 contemplationem
1318 2945 1542 3016 imperspicabile
1555 2945 1645 3002 lumen
1663 2945 1793 3014 obcaecat,

988 3036 1172 3108 intelligentie
1184 3037 1239 3110 30
1250 3040 1426 3109 capacitatem
1440 3038 1570 3109 quidquid
1584 3038 1638 3094 line
1648 3039 1795 3094 nullocon·

168 3134 195 3191 5.
212 3133 354 3188 dedititiis
371 3147 513 3188 sermonem
526 3147 605 3202 quam
617 3139 843 3203 epi-eaetremeas
858 3131 971 3196 insti-C
988 3130 1088 3186 tinetur
1107 3130 1224 3186 excedit.
1247 3130 1300 3186 Sed
1323 3145 1372 3186 nos
1394 3130 1566 3186 necessitatis
1589 3129 1670 3200 hujus
1683 3131 1717 3186 ab
1738 3144 1791 3198 eo,

127 3239 186 3286 tuat
201 3228 329 3283 llilorius.
344 3257 381 3269 -
394 3225 496 3282 Horum
517 3225 598 3297 igitur
616 3224 763 3282 inlidelitas
785 3227 812 3281 in
836 3242 936 3300 anceps
990 3222 1034 3294 qui
1048 3225 1107 3278 lraec
1119 3222 1210 3277 omnia
1220 3230 1280 3291 est,
1295 3222 1400 3278 veniam
1415 3223 1603 3293 deprecantes,
1619 3221 1789 3291 audebimus,

127 3337 181 3378 nos
201 3321 236 3394 (t)
247 3335 279 3376 ac
292 3319 441 3391 periculum
457 3319 599 3389 protrahit,
617 3326 645 3374 ut
659 3333 770 3375 necesse
786 3319 820 3376 sit
832 3320 865 3377 de
877 3327 935 3376 tan-
989 3332 1159 3389 pareremus,
1173 3317 1316 3387 loquemur
1332 3322 1379 3371 ²⁸²
1391 3358 1398 3384 ‚
1412 3315 1484 3386 (tulltl
1508 3317 1595 3371 solum
1615 3315 1643 3371 in
1662 3324 1732 3370 tanta
1747 3328 1792 3371 ιθ·

127 3417 164 3472 tis
175 3429 208 3470 ac
225 3424 278 3469 tam
294 3411 441 3469 reconditis
454 3411 536 3467 rebus
549 3411 650 3481 aliipiid
662 3410 733 3467 ultra
747 3415 934 3486 prescriptum
988 3427 1047 3467 rum
1063 3411 1212 3481 questione
1225 3410 1418 3482 promittimus,
1429 3425 1461 3467 ea
1476 3424 1536 3482 que
1546 3419 1626 3466 eruut
1639 3408 1790 3482 significata

127 3510 242 3568 coeleste
255 3506 387 3579 protana.
403 3507 513 3563 Dixerat
528 3506 657 3562 Dominus
679 3505 854 3576 baptizandas
868 3524 935 3581 gen·
987 3504 1141 3561 credemus.

127 3611 189 3668 tes,
216 3599 248 3656 ha
270 3599 374 3655 nornine
398 3597 488 3654 Patris
512 3607 535 3653 et
560 3596 625 3652 Filii
649 3608 675 3653 et
698 3598 813 3671 Spiritus
838 3602 931 3656 sancti.
1024 3599 1051 3655 6.
1071 3597 1158 3654 Patris
1176 3598 1301 3654 notio-
1315 3599 1396 3655 Pater
1417 3605 1476 3664 est,
1491 3612 1526 3654 ex
1542 3610 1596 3668 qtto
1615 3609 1696 3652 emite
1715 3593 1789 3667 quod

126 3693 230 3752 Forma
244 3691 307 3749 fldei
321 3697 395 3750 certa
407 3699 450 3748 est
469 3706 478 3748 i
497 3689 546 3748 sed
572 3699 704 3762 quantum
731 3691 766 3750 ad
790 3692 933 3753 haereticos
987 3704 1030 3752 est
1044 3694 1086 3768 ti)
1101 3693 1225 3751 constitit
1239 3691 1289 3766 (ti).
1305 3691 1406 3765 ipsein
1426 3689 1534 3749 Christo
1548 3698 1577 3748 et
1589 3704 1638 3764 per
1650 3687 1789 3747 Christum

164 3832 208 3909 (l)
227 3833 384 3894 Neseiendo.
1034 3839 1050 3894 5

175 3906 206 3976 ἳρ
221 3908 327 3965 Omnes.
1033 3909 1049 3964 6

177 3981 194 4036 3
219 3978 335 4037 Naturae
347 3981 490 4038 nominum.
1021 3981 1049 4055 (7

164 4051 193 4127 (l
225 4049 342 4110 Lununi'.

126 4189 197 4231 nias.
213 4173 275 4230 vat.
290 4173 350 4231 has.
362 4174 453 4243 Celb,
469 4172 562 4243 Cain,
584 4182 636 4230 etc.
655 4171 757 4228 Deinde
780 4169 857 4243 illud,
880 4186 932 4228 non
954 4211 957 4216 ,
986 4168 1062 4225 Dnus
1075 4164 1122 4221 ille
1135 4159 1621 4246 loeusidoneusestevincerequam
1632 4154 1786 4212 indubitata

125 4245 376 4312 remuneremur,
400 4257 465 4312 ete,
482 4246 508 4302 id
528 4255 580 4310 est,
608 4244 677 4300 nolit
696 4242 845 4311 Christum,
871 4260 931 4300 cum
986 4238 1088 4296 hilario
1101 4232 1279 4319 lueritPatrrs
1293 4241 1321 4289 et
1335 4231 1397 4287 Filii
1422 4238 1450 4287 ει
1469 4230 1586 4300 Spiritus
1609 4228 1704 4309 sancti⁸
1717 4242 1785 4285 con·

126 4319 205 4388 prius
228 4317 299 4372 Deus
324 4327 407 4385 esset,
424 4319 522 4373 iactum
536 4332 598 4373 esse
613 4316 761 4381 homiuem,
776 4316 823 4370 sed
841 4325 932 4384 postea
986 4308 1210 4374 substantialitas,
1233 4322 1296 4388 eum
1326 4313 1420 4375 aperte
1444 4309 1553 4384 respuat
1575 4299 1786 4383 substantiarum

126 4404 212 4459 quam
227 4387 315 4444 lactus
334 4398 377 4444 est
399 4390 489 4455 homo,
514 4389 633 4445 evasisse
647 4389 742 4444 Deum.
758 4386 798 4441 hd
815 4387 931 4457 plurium
986 4382 1156 4438 diversitates
1167 4380 1194 4434 iii
1206 4378 1291 4434 tribus
1305 4377 1387 4432 rebus
1399 4375 1549 4457 substantia
1566 4381 1619 4454 tani
1634 4386 1786 4453 cominiini-

126 4461 253 4516 locorum
265 4460 473 4534 intelligentiam
484 4460 585 4532 juverit
598 4458 666 4514 hauc
681 4458 821 4530 particulae
831 4475 864 4514 ee
877 4459 931 4514 vim
988 4454 1047 4510 hus.
1066 4452 1142 4535 Unde
1157 4460 1184 4506 et
1198 4449 1267 4504 iulia
1282 4464 1360 4531 nuni.
1372 4448 1399 4530 S,
1419 4447 1497 4502 ahter
1510 4451 1667 4527 sentientes*
1679 4457 1718 4498 sie
1735 4442 1784 4498 ha-

124 4543 272 4589 annotare.
945 4493 1040 4593 Dhei,
1058 4532 1087 4580 ut
1099 4540 1144 4594 qvir
1169 4521 1295 4577 tenebras
1309 4521 1361 4575 luci
1376 4517 1512 4583 inserant,
1528 4515 1686 4572 riisecahiha
1706 4513 1785 4570 dese·

165 4602 207 4677 (a)
227 4602 300 4659 Edit.
325 4604 354 4659 in
374 4621 451 4661 earne
474 4604 625 4676 susceperit.
647 4601 818 4673 nxpuneium
843 4604 932 4659 estin
984 4608 1057 4662 cent,
1072 4593 1373 4674 iiicorruptauseindarit,
1387 4590 1499 4645 indivisa
1515 4595 1674 4659 partiantur.

127 4692 209 4730 carne
220 4677 380 4732 aricioiirate
395 4691 460 4732 mss.
1019 4669 1055 4742 (e)
1077 4667 1121 4723 Sic
1136 4673 1298 4721 vetustiores
1314 4677 1378 4717 mss.
1392 4661 1450 4716 has.
1468 4659 1541 4725 Vas,
1557 4656 1782 4738 Colb.‚Carnut.,

168 4745 208 4830 (li)
227 4745 338 4818 supple,
350 4746 519 4820 puortbluria
528 4745 643 4818 petiuerit
655 4761 768 4800 earnem.
784 4745 840 4800 lloc
851 4761 932 4809 porro
983 4751 1037 4797 eto.
1062 4739 1098 4795 ht
1110 4736 1192 4793 Corh.
1212 4745 1239 4791 et
1259 4735 1423 4817 recentiores
1450 4747 1510 4787 euin
1536 4730 1650 4798 vulgatis
1665 4728 1719 4792 hie,
1735 4743 1783 4810 pro

127 4818 180 4875 sibi
195 4818 263 4885 vuli,
278 4818 425 4875 ilchionem
446 4818 514 4874 vobi
538 4821 658 4883 nomine,
678 4826 833 4888 antequam
847 4816 931 4874 hlaria
985 4812 1115 4890 repando,
1129 4809 1257 4890 exhibent
1280 4804 1427 4888 arietando.
1450 4803 1507 4882 Nori
1524 4800 1668 4896 obscurum
1684 4808 1726 4853 est
1740 4798 1786 4854 Fi·
1855 4835 1857 4839 -

127 4889 266 4962 gennerit,
291 4891 442 4963 intelligere
468 4901 609 4947 externum
635 4888 709 4945 vocis
736 4904 848 4953 sunum,
877 4904 931 4944 tion
985 4885 1048 4939 liniri
1072 4883 1291 4961 Spiritnssaircti
1317 4883 1455 4959 auctorem
1483 4875 1526 4926 hie
1551 4885 1655 4951 vocari,
1683 4884 1785 4940 eosque

127 4961 274 5018 existentis
297 4976 345 5018 seu
368 4961 541 5018 subsistentis
567 4960 695 5032 unigeniti
724 4961 769 5016 Dei
796 4969 930 5018 naturam.
986 4956 1103 5026 Spiritus
1119 4960 1204 5033 saneti
1224 4963 1311 5008 iisuiii,
1338 4947 1363 5001 id
1386 4953 1438 5027 est,
1460 4951 1627 5025 consortium
1646 4957 1782 5012 ignorare,

127 5035 201 5090 ilinc
214 5034 315 5089 rectius
329 5050 390 5091 cum
403 5049 469 5090 mss.
484 5044 560 5089 anteo
575 5049 637 5102 ivon,
650 5048 729 5105 quam
741 5047 801 5088 eum
816 5031 931 5103 vulgatis
985 5029 1030 5098 qui
1048 5027 1143 5081 Filium
1158 5028 1291 5089 ignorant,
1305 5031 1383 5088 aquo
1397 5017 1441 5071 ille
1451 5024 1493 5071 est
1503 5028 1535 5069 ao
1546 5013 1625 5069 nobis
1638 5013 1727 5068 datur.

125 5123 182 5162 non
193 5114 271 5159 antea
286 5102 329 5161 bic
348 5105 438 5177 legere
455 5114 506 5162 est.
1022 5097 1055 5169 (t)
1071 5095 1201 5176 Particula
1212 5109 1241 5146 oc
1256 5091 1403 5145 restituitur
1413 5104 1448 5143 es
1463 5102 1539 5169 mss..

165 5178 204 5248 (a)
223 5176 296 5232 Editi
311 5192 346 5232 eir
364 5179 442 5233 unico
464 5177 615 5233 recentiore
641 5190 691 5231 nis.
718 5174 806 5241 Ceth,
830 5175 931 5229 diuerso
1022 5172 1061 5243 (tt)
1079 5169 1281 5222 lleeeiuiorms.
1294 5160 1372 5216 Colb.
1386 5159 1556 5230 glossematis
1570 5156 1695 5223 loedatus,
1712 5163 1786 5212 etex

126 5249 407 5306 reuerentissime
424 5248 503 5313 bart,
520 5248 568 5304 Er.
585 5256 612 5302 et
626 5247 699 5317 lips.
716 5262 751 5303 ex
766 5246 860 5302 eodem
877 5262 931 5302 ins.
985 5257 1018 5297 eo
1041 5240 1106 5295 Ded.
1129 5248 1157 5293 et
1174 5237 1233 5291 Em:
1248 5233 1346 5316 Quibus
1360 5233 1382 5287 si
1397 5237 1468 5303 [actu
1483 5229 1559 5300 facile
1573 5239 1648 5310 essct,
1664 5237 1787 5310 cuperent

126 5324 175 5394 qui
188 5324 216 5377 iri
238 5322 361 5394 largitore
374 5322 430 5392 ejice
445 5331 469 5374 et
483 5330 585 5374 auctore
606 5319 726 5384 creando,
754 5327 807 5374 etc.
833 5317 930 5373 ritriin
987 5315 1100 5384 perlecto
1124 5322 1285 5374 concerpere.
1301 5305 1375 5374 laps.
1391 5314 1418 5360 el
1440 5304 1512 5359 Pin:
1530 5300 1628 5364 Qllbllt
1652 5299 1727 5369 [⁶⁶¹1ss
1749 5309 1788 5355 2⁸2

1076 3835 1160 3893 hbest
1175 3843 1283 3891 tantum.

1082 3909 1228 3975 Quoeretur.

1077 3979 1209 4037 Consistit.

127 5391 932 5463 SpiritussanetiauetoreiiiabHilariovocariccrtiusmox
986 5386 1099 5468 perfecto
1122 5394 1272 5465 coiiccrpere
1293 5393 1302 5431 .·
1323 5377 1488 5443 castigantur
1522 5386 1556 5426 ert
1581 5370 1685 5426 caeteris
1714 5386 1784 5428 mss.

127 5483 162 5524 eir
176 5479 315 5523 consensit
328 5466 448 5520 omiiiiim
463 5465 520 5519 sive
544 5464 705 5532 scriptorum
725 5463 782 5518 sive
798 5461 930 5517 editorum
985 5456 1088 5512 Deinde
1108 5467 1156 5523 prro
1166 5469 1212 5526 gas
1227 5464 1330 5521 portella
1348 5447 1438 5503 hahet.
1454 5445 1515 5502 Vll·
1530 5442 1589 5498 bis·
1605 5443 1691 5499 ⁰⁰d0¹
1707 5442 1785 5513 finem

127 5537 256 5595 codicum
272 5537 440 5592 habebimus.
456 5536 520 5592 liare
533 5535 567 5591 de
581 5536 699 5599 Arianis,
718 5550 771 5588 non
791 5533 824 5588 de
846 5533 933 5590 blaee·
985 5544 1089 5600 potiere.

129 5608 260 5666 doniaiiis
274 5609 328 5663 ilici
340 5607 506 5665 ostendimus
521 5607 547 5662 iu
561 5605 760 5662 hdmouitiune.
1023 5599 1063 5673 (li)
1074 5598 1119 5653 Sic
1133 5611 1209 5656 mss„
1226 5603 1252 5647 at
1262 5592 1337 5673 editi,
1354 5590 1478 5674 consistit.
1489 5586 1557 5678 Tum
1573 5588 1600 5671 in
1618 5594 1725 5669 vetusto
1737 5600 1785 5642 co-

170 5680 210 5752 (tl)
232 5680 321 5735 Mallet
343 5681 404 5751 quis
429 5678 632 5734 substantiarum
662 5678 820 5731 diversitates
849 5693 858 5730 :
885 5675 933 5733 sed
986 5673 1046 5730 dice
1061 5665 1252 5751 tteiiiig.‚lpie
1265 5682 1291 5719 ni
1301 5662 1402 5746 Christe
1414 5671 1437 5746 ει
1447 5677 1493 5734 per
1507 5662 1645 5744 Spiritum.
1655 5658 1727 5714 Patri
1737 5673 1787 5740 au·

131 5753 215 5827 plura
227 5751 384 5827 huiusmodi
395 5760 534 5825 troporum
547 5748 672 5824 exempla
686 5749 743 5824 jem
758 5747 933 5808 advertimus.
988 5757 1041 5804 vein
1064 5755 1206 5815 proprium
1225 5747 1267 5796 est
1286 5750 1346 5794 esso
1359 5748 1491 5808 originem
1506 5746 1638 5802 omnium,
1652 5730 1729 5804 arvad,
1745 5745 1787 5785 iii·
