3884 6136
143 235 182 293 db

768 235 813 292 ote
832 234 1021 294 enuntiante
1040 236 1145 294 tinen
1157 238 1191 295 ll.
1512 256 1518 265 ·
1765 243 1801 303 50

144 356 199 412 hnc
222 354 330 426 quidem
356 362 460 410 tantam
476 355 624 411 relnntatis
648 369 714 410 meae
730 354 863 425 professio
887 359 989 420 estad
1037 358 1193 429 sectantibus
1224 374 1308 430 pauca
1338 362 1505 431 praelocutus,
1530 366 1565 419 ad
1585 366 1748 423 scribentium
1770 368 1802 423 de

143 459 274 504 casterium
291 446 383 503 anai-ii
397 459 423 503 ct
435 447 628 504 inisericordin
640 456 693 502 tna
706 464 803 504 mutnus
814 448 947 505 orandum

144 551 199 606 est,
213 551 241 593 nt
255 548 368 595 eatensa
383 540 429 594 tihi
444 538 504 594 hain
520 548 620 595 nostras
637 539 874 612 confessionisque
887 539 946 596 vela

147 635 215 691 licitu
235 636 353 705 Spiritus
376 636 414 690 tui
430 634 554 705 impleas,
572 650 675 706 trosque
687 636 714 690 in
728 648 836 690 cursum
849 632 948 706 praedi-

143 729 260 784 cationis
285 728 359 783 inita
380 727 528 800 propellas,
555 727 613 783 Non
630 729 701 783 caim
727 728 805 784 trahis
830 727 948 784 inlidelis

142 820 299 891 sparsionis
311 820 388 876 istius
397 831 491 876 arrctor
503 829 555 882 cst.
571 820 664 876 dicens
679 840 684 874 :
702 820 794 886 Petite,
808 829 831 875 et
844 820 948 874 dabitur

141 916 232 982 cabis,·
247 914 363 986 pararito,
380 925 404 969 et
425 915 558 969 inuenietis
567 934 577 984 ,·
593 915 703 986 pulsate,
720 926 743 968 ct
760 913 889 988 aperiatur
903 928 948 968 uo·

142 1013 182 1066 bis
196 1008 272 1082 (bac.
290 1024 327 1075 ιι,
343 1008 384 1082 b).
407 1007 462 1063 Nes
476 1008 585 1079 quidem
600 1009 695 1080 inopes
710 1023 741 1063 ca
763 1008 860 1078 {parthus
885 1020 948 1077 cge-

144 1119 206 1157 arins
222 1101 408 1173 precabimur,
424 1101 489 1156 etin
509 1100 663 1156 seminudis
678 1102 871 1171 prrqrhetarnrn
888 1111 948 1154 tuo·

141 1213 203 1252 rnrn
218 1196 458 1268 apostolorumque
478 1195 558 1251 dictis
571 1197 689 1250 studimn
705 1194 830 1265 persicas
851 1194 947 1250 adcre-

140 1306 216 1356 rnns‚
231 1298 259 1346 et
273 1304 369 1346 omnes
389 1290 524 1346 obseratae
537 1289 723 1361 intelligenda
744 1289 834 1344 nalitus
856 1289 947 1360 polsa-

140 1385 251 1439 hirnns:
261 1383 308 1439 sed
324 1391 399 1438 tuum
411 1389 463 1449 est,
474 1389 615 1438 etaratnm
625 1381 755 1447 trihaere,
766 1381 946 1452 etquassitnm

141 1476 253 1542 adesse,
268 1484 295 1532 et
307 1484 401 1545 patere
416 1474 562 1545 pulsatum.
577 1474 729 1544 'larrpenms
740 1473 813 1529 enirn
828 1472 946 1543 quodam

142 1580 248 1624 natnrn
261 1576 360 1624 anostra
374 1568 450 1638 pigro
465 1576 586 1638 stupore,
602 1578 630 1624 et
651 1567 685 1623 ad
706 1582 750 1624 res
766 1575 824 1621 tuas
846 1565 947 1622 intelli-

140 1664 245 1733 gendas
265 1663 335 1718 intra
351 1661 509 1733 ignorantiae
524 1662 713 1718 necessitatem
740 1660 840 1733 ingenii
859 1661 945 1715 nostri

141 1755 332 1812 imbecillitate
342 1754 502 1810 cohihernnr
515 1772 520 1808 :
533 1753 579 1809 sed
594 1753 724 1809 doetrinae
736 1760 789 1806 tna
804 1751 892 1808 studia
910 1751 944 1806 ad
959 1757 983 1818 h

140 1864 253 1904 suasum
278 1864 326 1903 naas
351 1847 450 1902 dhina
475 1846 638 1917 cognitionis
662 1845 703 1920 (Ι)
730 1845 893 1908 instituunt,
918 1851 946 1897 ct

142 1945 212 1999 altra
238 1942 387 1998 natrrralcm
404 1941 559 2012 opinionem
576 1939 637 1996 hdei
653 1938 691 2013 (α)
709 1936 864 1995 ohedientia
881 1950 945 2008 pro·

141 2039 227 2095 rehit.

179 2132 443 2203 eenamcenam
476 2144 541 2201 erqo
565 2138 594 2184 nt
629 2127 726 2199 trepidi
758 2128 838 2199 hujus
863 2129 945 2200 ccepti

140 2223 254 2280 exordia
270 2224 377 2288 incites,
394 2234 421 2279 et
444 2222 565 2288 proiectu
586 2229 761 2277 accrescente
785 2220 944 2288 contirones,

140 2327 171 2371 ct
185 2316 219 2371 ad
232 2315 400 2371 currsurtium
416 2315 458 2370 rel
479 2314 646 2386 prophetalis
665 2315 707 2369 vel
732 2314 876 2385 apostatici
888 2314 945 2384 spt-

140 2412 211 2465 ritns
224 2424 325 2466 uoces:
341 2410 448 2465 terdicta
463 2425 556 2466 errnnn
574 2426 626 2464 arna
641 2411 694 2464 alio
704 2424 785 2480 qaam
799 2409 848 2480 ipsi
861 2409 944 2465 locanti

139 2515 206 2558 siunt
221 2517 303 2559 sensu
327 2503 574 2575 apprehendamus,
598 2503 799 2575 verhormnqne
823 2503 946 2575 proprie-

141 2606 214 2651 taes
235 2596 330 2652 iisdem
354 2611 444 2651 rerum
472 2596 715 2667 sigirihcatinnibus
749 2611 943 2667 exsequamur.

140 2689 273 2745 lmentari
285 2690 356 2744 enim
368 2703 471 2755 srrrrtns,
484 2705 546 2757 aptans
559 2689 594 2745 ab
607 2689 639 2744 iis
651 2689 677 2744 in
690 2698 864 2744 sacramento
877 2703 946 2758 prn-

140 2783 233 2836 dicna
248 2791 322 2849 sunt,
338 2792 364 2837 te
378 2790 511 2838 eternium
527 2781 622 2845 hersin,
638 2782 733 2838 aeterni
754 2782 883 2852 rrrrigcniti
897 2783 946 2838 hei

140 2884 248 2946 pntrcrn
265 2881 313 2930 :et
332 2890 414 2929 utinm
431 2876 527 2931 tesius
546 2873 696 2937 clariritate,
711 2882 739 2929 et
758 2889 840 2929 unum
857 2873 947 2929 [torni-

141 2982 210 3020 nrnn
236 2966 328 3022 tesam
344 2966 482 3022 Christano
495 2982 528 3023 ex
552 2975 578 3021 te
593 2965 741 3021 trininitatis
755 2978 874 3033 aeternae,
891 2981 946 3020 nan

140 3063 171 3116 ia
185 3060 225 3134 (b)
237 3061 348 3115 dearum
364 3075 506 3116 numerum
519 3059 640 3115 recitatis
653 3061 810 3115 diuersitate
824 3059 946 3117 releren-

1037 459 1090 505 tam
1101 452 1240 510 reconditis
1250 453 1325 508 rebus
1338 454 1445 511 inuitum
1457 473 1484 512 se
1501 474 1532 512 ac
1543 466 1693 514 trementem
1705 459 1802 515 adduci

1037 544 1154 617 pluribus
1176 556 1342 618 protestatur.
1366 548 1436 603 llinc
1458 549 1502 604 ubi
1534 553 1636 621 aperuit
1661 551 1693 606 de
1723 550 1803 608 Patre

1035 639 1097 710 qnid
1118 640 1222 706 sentiat,
1248 640 1330 694 uerbis
1349 658 1404 697 rens
1428 652 1455 696 ut
1475 653 1514 698 est
1527 660 1580 700 non
1594 645 1657 700 sutis
1676 645 1803 712 ecpttcert

1037 736 1155 788 ostendit.
1171 734 1269 789 Deinde
1283 735 1346 806 qnid
1357 736 1389 790 sit
1400 736 1491 806 quidue
1508 753 1559 791 nott
1574 737 1606 790 sit
1624 735 1710 792 Filius
1721 753 1802 811 erpo·

1036 828 1093 891 nit,·
1111 837 1135 880 et
1155 828 1241 899 arquis
1258 844 1311 894 eos,
1326 829 1370 899 qui
1384 828 1470 899 inique
1485 828 1571 896 {errarit
1586 844 1614 883 se
1625 830 1802 900 qeneratianis

1035 921 1107 976 illius
1122 931 1309 976 sacramentum
1331 938 1422 994 capere
1436 939 1488 977 aon
1508 938 1602 992 passe,·
1621 940 1678 976 eram
1693 923 1800 978 totalis's

1035 1015 1062 1068 in
1074 1013 1161 1080 rebus,
1173 1015 1249 1070 etiam
1260 1015 1325 1082 suis,
1338 1016 1515 1087 equanimiter
1524 1015 1636 1086 inmeriti
1648 1016 1710 1071 sirit.
1725 1013 1801 1070 llam

1034 1123 1093 1161 cera
1105 1105 1304 1161 inenarrabilem
1320 1106 1383 1162 lilii
1399 1105 1447 1162 tter·
1461 1109 1652 1178 qenerartionear
1673 1108 1799 1180 saplenti·

1035 1197 1081 1252 bras
1096 1200 1193 1266 sacrati,
1206 1198 1297 1255 scribis
1309 1199 1380 1271 lepis,
1394 1210 1418 1254 et
1431 1200 1557 1254 hereticis
1577 1201 1736 1273 iquorutam,
1758 1203 1801 1256 di·

1035 1292 1094 1345 uina
1107 1291 1178 1346 illius
1193 1303 1286 1347 statura
1306 1293 1378 1365 prius
1397 1294 1488 1366 paucis
1516 1294 1700 1364 destronstrata,
1719 1296 1802 1352 uerbis

1037 1383 1069 1438 Pi
1072 1386 1178 1440 scalaris
1189 1386 1313 1453 eaprlicut.

999 1475 1095 1532 Postea
1109 1478 1187 1547 fidens
1208 1477 1352 1547 Scripturis
1374 1480 1509 1552 [nudatam
1529 1483 1721 1548 conterendam,
1743 1497 1801 1537 eant

1034 1571 1221 1627 sttedicanrcnto
1245 1583 1377 1645 comparat
1400 1574 1533 1629 recedendit
1560 1574 1679 1629 onacribus
1704 1574 1803 1630 morbis

1035 1664 1139 1729 idonea,
1165 1665 1244 1735 idque
1261 1666 1397 1735 confirmat
1415 1667 1503 1721 raliatis
1525 1665 1672 1737 Scriptura
1686 1667 1801 1722 testimo-

1033 1755 1097 1824 niis,
1112 1758 1204 1829 quibus
1224 1757 1333 1812 Sabellii
1347 1759 1424 1812 sintrd
1449 1768 1473 1813 et
1495 1757 1617 1813 llebionis
1631 1758 1801 1813 Arianorum·

1032 1858 1231 1918 qnecanttnenta
1246 1848 1416 1903 debellantur.
1449 1849 1510 1904 Nota
1534 1859 1600 1904 tacet
1624 1850 1742 1921 quatiunt
1768 1852 1800 1905 tie

1033 1939 1135 1998 Christo
1148 1943 1175 1996 iu
1189 1942 1332 2013 Scripturr's
1347 1943 1492 2008 siceratorari,
1507 1958 1565 2015 quta
1579 1942 1750 2015 Deoitrdiqnu
1761 1944 1800 1999 ti·

1034 2034 1162 2100 deantur,·
1175 2035 1220 2090 sed
1240 2035 1265 2087 in
1279 2036 1311 2089 iis
1324 2036 1399 2103 ipsis,
1413 2050 1470 2106 quae
1482 2036 1587 2089 lrrtrunni
1607 2036 1708 2107 pencris
1721 2052 1801 2091 eausa

1034 2129 1170 2196 pertulisse
1184 2139 1317 2193 enarratur,
1329 2129 1440 2183 ostendit
1454 2145 1506 2183 noa
1517 2131 1605 2184 deesse
1621 2130 1756 2202 potestatis
1770 2146 1801 2185 ac

1034 2223 1165 2295 diprritatis
1177 2223 1261 2295 siqua,
1279 2223 1370 2294 quibus
1383 2239 1441 2278 eunt
1458 2239 1516 2279 uere
1531 2222 1614 2278 licum
1631 2240 1684 2280 esse
1704 2224 1799 2280 dareta-

1035 2332 1102 2370 rnur.
1421 2326 1424 2331 '

997 2406 1113 2463 Tandem
1126 2407 1255 2480 Spiritum
1270 2416 1386 2463 sanctuar
1405 2408 1515 2464 existere
1535 2426 1552 2462 a
1577 2407 1657 2463 Patre
1679 2418 1704 2463 et
1729 2406 1800 2465 Filia

1034 2500 1183 2556 distinctum
1196 2499 1297 2571 probat,
1311 2508 1335 2555 et
1356 2516 1445 2555 eorum
1473 2501 1625 2573 scrupulum
1650 2499 1728 2566 leuat,
1754 2501 1800 2572 qui

1034 2595 1082 2650 bae
1094 2604 1141 2648 aut
1155 2595 1275 2664 iqaaraat
1294 2603 1339 2648 aut
1357 2594 1500 2666 aasbiqant,
1519 2596 1581 2662 qcaia
1599 2594 1717 2661 Spiritus
1738 2608 1800 2649 aare

1034 2689 1139 2743 Patrem
1155 2697 1199 2742 ant
1213 2685 1238 2741 F
1238 2688 1311 2741 ilium
1322 2691 1467 2758 [requenter
1477 2688 1586 2759 intelliqi
1599 2686 1711 2742 rideant.
1726 2685 1798 2741 Prte-

1034 2789 1103 2834 terea
1129 2779 1322 2833 dentaustratur
1342 2776 1456 2847 Spiritus
1484 2781 1566 2834 sancti
1586 2779 1672 2833 diuina
1693 2787 1798 2845 natura,

1034 2873 1162 2944 osticium,
1178 2888 1255 2942 quarn
1270 2876 1444 2931 necessarium
1457 2874 1531 2929 aubis
1544 2875 1576 2929 sit
1587 2873 1660 2929 iliius
1680 2874 1792 2940 donutn,

1034 2983 1114 3037 quoue
1129 2968 1215 3022 studio
1227 2969 1434 3037 promerendum.

1036 3061 1060 3115 l.
1084 3061 1161 3129 Quod
1175 3062 1281 3133 sufficiat
1294 3062 1428 3119 Trinitatis
1448 3064 1541 3118 notitia
1561 3065 1589 3118 iu
1603 3063 1729 3136 baptisato
1744 3071 1800 3115 tra·

139 3156 209 3210 dcam
225 3172 232 3209 :
247 3170 334 3225 neque
346 3169 400 3210 noa
422 3172 456 3211 ex
473 3163 498 3210 tc
510 3155 646 3226 genitum,
671 3155 708 3227 (ι)
730 3155 774 3225 qni
792 3154 862 3209 Deus
876 3170 945 3210 ursus
960 3150 983 3214 C
999 3154 1063 3209 alita.
1081 3154 1282 3213 —Suidciehat
1304 3158 1477 3214 credentibus
1505 3157 1552 3213 Dei
1578 3172 1679 3221 sermo,
1700 3157 1745 3226 qtn
1772 3155 1798 3210 ia

139 3264 186 3312 es,
211 3246 427 3317 praedicundum
454 3261 540 3316 neque
555 3246 627 3302 aliud
642 3262 721 3317 qnam
745 3247 828 3302 iteum
841 3261 945 3316 verum,

139 3343 189 3410 qui
202 3354 237 3395 es
251 3348 278 3395 te
293 3339 335 3412 (l)
350 3340 405 3395 Deo
420 3354 486 3395 uero
498 3347 574 3410 patre
588 3347 732 3406 natusest,
748 3338 944 3395 annitendum.

140 3434 246 3491 Tribne
261 3449 326 3507 crgo
341 3434 418 3492 nohis
430 3436 575 3490 rer-haruin
591 3433 825 3505 significationem,
844 3432 945 3489 intelli·

140 3533 244 3604 gentica
266 3531 368 3597 lurnen,
391 3530 527 3586 dictorum
541 3528 682 3594 honorem,
708 3527 830 3584 veritatis
845 3527 946 3582 iidem:

140 3639 172 3683 ct
187 3635 296 3696 praesta,
313 3635 342 3680 nt
354 3625 426 3697 quod
441 3624 587 3688 credimus,
605 3633 632 3677 et
654 3622 813 3694 leqnamnr;
832 3620 946 3689 scilicet,

143 3734 174 3776 ιιι
189 3722 329 3793 contingat
343 3719 431 3784 nabis,
455 3732 539 3774 uriam
553 3725 580 3772 tc
597 3718 680 3771 heum
704 3725 807 3784 patrem
823 3724 850 3769 et
865 3729 948 3770 unum

145 3814 291 3868 Dominum
305 3812 398 3868 lesuin
411 3809 548 3867 christani
562 3808 597 3865 de
610 3807 754 3878 Prophetis
776 3816 857 3877 atque
874 3809 949 3876 hpo·

143 3908 226 3962 stalis
235 3904 471 3976 cognoscentibus,
480 3917 550 3957 nurrc
564 3901 707 3956 aduersam
722 3902 851 3967 negantes
862 3901 949 3952 hacre-

143 4001 228 4066 ticus,
243 4000 280 4053 ita
293 3996 333 4070 (a)
349 3996 430 4052 heum
444 4005 472 4052 ct
482 4007 507 4050 te
521 3994 669 4057 calcitrare,
685 4008 718 4048 ne
729 3992 834 4057 sularn;
850 3998 949 4046 eteunt

142 4092 307 4166 predicare,
323 4107 357 4147 ne
373 4090 481 4146 lalsnnr.

329 4227 451 4301 25-26
463 4225 565 4282 LlBER
578 4222 767 4283 SECUNDUS.

140 4368 186 4423 Dc
209 4369 316 4423 acritate
335 4364 472 4421 Trinitatis
500 4364 651 4435 naucratim,
674 4370 699 4417 et
727 4360 759 4417 tie
787 4360 949 4433 sinqularunr

180 4476 355 4534 personarum
369 4460 493 4530 niquitate
506 4467 531 4512 et
554 4456 643 4529 ospicio
663 4454 817 4511 narrritratim
835 4453 947 4510 disserit.

998 3261 1079 3300 aures
1092 3256 1198 3304 riostras
1210 3248 1552 3318 Evangelistaetestimonio
1563 3264 1625 3305 cunr
1634 3247 1800 3320 ipsarerita·

998 3340 1033 3393 tis
1055 3354 1111 3395 sare
1138 3340 1237 3396 virtute
1259 3342 1411 3398 transfusus
1423 3351 1477 3409 est,
1491 3358 1552 3398 enm
1568 3342 1634 3398 dicit
1649 3342 1798 3399 horridus:

999 3429 1098 3487 Eurrtes
1110 3448 1179 3486 ttttnc
1193 3432 1279 3489 clarete
1301 3450 1388 3489 onsaes
1409 3444 1508 3506 pentes,
1530 3435 1689 3505 baptizantes
1709 3451 1753 3489 eas
1772 3433 1801 3489 iu

999 3527 1101 3579 nuntiae
1123 3524 1212 3580 Patris
1224 3535 1247 3581 et
1261 3525 1325 3582 Filii
1336 3536 1362 3582 et
1376 3527 1491 3599 Spiritus
1507 3527 1610 3593 Sancti,
1626 3528 1745 3583 ducentes
1757 3541 1801 3582 eos

999 3634 1100 3674 serame
1111 3620 1197 3674 urania
1211 3636 1378 3693 quaecumque
1393 3619 1427 3691 (e)
1443 3622 1538 3676 manda
1551 3619 1622 3688 uobis
1634 3636 1644 3676 .·
1654 3631 1679 3676 et
1688 3635 1745 3675 ecee
1754 3632 1801 3692 epo

1000 3710 1130 3765 uobiscum
1144 3727 1201 3766 sunt
1218 3712 1335 3768 ortantibus
1359 3713 1450 3768 diebus
1465 3729 1544 3782 usque
1558 3713 1585 3767 in
1599 3712 1803 3768 consummatio·

1002 3818 1058 3857 nem
1071 3803 1160 3857 seculi
1175 3802 1283 3872 lilatth.
1296 3820 1388 3871 sarrit,
1404 3803 1450 3871 ts,
1473 3803 1532 3873 20).
1553 3802 1622 3871 Quid
1635 3801 1707 3858 enirn
1718 3802 1759 3876 (ὅ)
1772 3801 1801 3856 in

1001 3908 1035 3949 eo
1058 3893 1092 3949 de
1118 3904 1289 3950 saeranreato
1312 3894 1347 3967 (()
1367 3895 1462 3951 salutis
1477 3894 1665 3949 humanarion
1679 3893 1803 3948 contine·

1002 3987 1065 4041 turi
1076 3994 1122 4042 aut
1134 3986 1197 4057 quid
1212 3996 1264 4052 est,
1282 3989 1353 4058 quod
1367 3988 1400 4042 sit
1415 3987 1548 4058 reliquom
1567 3995 1612 4041 ant
1634 3985 1803 4043 obscurnml

1001 4080 1085 4137 Plena
1098 4087 1161 4136 sunt
1173 4081 1265 4136 omnia
1277 4089 1306 4136 ut
1319 4095 1335 4136 a
1349 4081 1430 4151 pleno
1444 4078 1495 4152 di)
1508 4090 1536 4137 et
1549 4097 1563 4134 a
1576 4079 1697 4150 perlecto
1712 4077 1803 4149 perle-

1005 4184 1047 4230 cta
1076 4173 1129 4248 (q).
1143 4173 1211 4230 Nam
1227 4183 1255 4231 et
1267 4175 1412 4231 uerborum
1432 4175 1671 4246 significationem,
1692 4184 1720 4230 ct
1740 4173 1802 4230 etn-

1003 4268 1130 4325 cientium
1145 4285 1246 4338 rernm,
1261 4279 1287 4326 et
1313 4268 1482 4339 negotiorum
1503 4266 1638 4334 ordinem,
1660 4276 1688 4323 et
1700 4275 1805 4323 craturae

1002 4360 1209 4433 intelligentiam
1236 4360 1478 4431 comprehendant.
1503 4360 1645 4431 Baptiaare
1665 4359 1746 4429 jussit
1776 4359 1805 4414 in

1002 4453 1245 4511 aominePntriset
1260 4452 1325 4509 Filii
1347 4464 1371 4510 et
1398 4453 1516 4525 Spiritus
1537 4453 1631 4520 sancti,
1653 4452 1751 4517 idest,
1776 4451 1805 4509 in

182 4558 224 4610 Ae
247 4555 329 4618 prirna
352 4554 455 4624 quidem
475 4551 590 4605 declarat
608 4548 725 4604 Hilarius
749 4550 814 4603 tanti
833 4549 949 4620 mysterii
961 4551 987 4612 D
1000 4550 1172 4606 confessione
1195 4558 1223 4606 et
1247 4550 1377 4616 auctoris,
1401 4561 1429 4603 et
1452 4546 1492 4621 (h)
1513 4547 1655 4617 ttrtlgeniti.
1678 4554 1706 4601 et
1728 4544 1803 4600 doni.

182 4652 304 4706 auaritiam
317 4652 342 4703 ia
355 4649 481 4722 baptisma
491 4645 613 4701 traditam
629 4644 758 4714 sufficere.
774 4642 841 4699 Turn
851 4644 882 4698 de
894 4643 948 4699 bre-

182 4758 272 4799 resunr
287 4741 396 4813 eripias,
411 4740 494 4809 deque
513 4738 640 4793 haereticis
659 4733 794 4792 Trinitatis
811 4735 891 4806 fidens
909 4736 951 4791 in-

184 4854 227 4924 (1)
249 4854 397 4910 instruunt.

184 4924 229 5002 (2)
249 4928 278 4983 ln
289 4936 382 4981 nostro
396 4939 447 4982 ms.
461 4924 639 4997 supprimitur
655 4937 710 4978 vox
721 4922 786 4978 Deo.

185 5044 227 5115 (ιι)
245 5045 274 5100 ln
288 5044 348 5100 eod.
366 5044 426 5099 Vat.
443 5041 684 5098 benebentanum
694 5037 857 5110 protrahant,
872 5036 952 5093 male.

147 5117 293 5188 Quonrndn
316 5125 405 5171 antem
432 5112 500 5171 ssdes
516 5128 565 5168 nos
577 5113 710 5183 provehat
720 5111 754 5166 ad
768 5111 806 5177 id,
821 5110 893 5183 quod
908 5124 956 5165 na·

149 5189 249 5246 taralis
278 5202 374 5243 marsus
399 5201 452 5242 iren
478 5184 605 5256 attingit,
633 5184 759 5255 superios
782 5183 837 5253 jam
861 5181 954 5237 ohser-

152 5273 256 5316 ratrrrn.

190 5332 228 5402 (b)
247 5330 375 5387 vetustus
398 5328 485 5385 cades
507 5328 582 5382 (lolh.
599 5343 660 5383 cum
675 5325 768 5383 Germ.
786 5324 823 5379 nti
837 5336 954 5394 premo·

152 5406 274 5464 aruimus,
288 5417 361 5456 terrm.
378 5401 422 5468 ll,
438 5417 489 5456 non
501 5400 527 5452 in
543 5400 654 5454 decurrens
668 5413 815 5454 statueram.

189 5472 226 5556 (a)
246 5472 296 5528 hls.
314 5472 373 5527 Vnt.
398 5472 468 5536 has,
486 5471 548 5543 quia
563 5468 644 5525 Deus.
670 5469 731 5525 hiras
745 5470 827 5524 Cern.
842 5475 869 5520 et
883 5480 952 5521 ιιοιι-

152 5546 222 5602 nulh
235 5544 292 5608 alii,
309 5544 429 5614 usquein
448 5543 539 5609 aliud;
555 5549 657 5611 postea,
673 5540 717 5595 uhi
738 5555 772 5595 ea
783 5547 807 5592 te
829 5535 885 5593 lieo
896 5552 957 5593 uero

153 5628 240 5690 patre,
256 5618 333 5671 abest
348 5616 429 5670 lteaa
444 5616 579 5685 plerisque
594 5629 660 5668 tnss.
917 5678 923 5692 Ι

191 5688 230 5755 ld)
251 5687 278 5742 hr
290 5695 399 5742 settrsto
413 5685 505 5741 codice
523 5685 603 5741 catu.
623 5685 698 5740 itaet
721 5681 846 5737 decante.
863 5678 959 5735 hiehus

153 5761 201 5816 alii
214 5760 249 5817 ita
264 5757 347 5813 iterna
358 5759 504 5825 collocant,
515 5767 544 5812 ut
556 5756 613 5811 hacc
627 5771 677 5810 ros
690 5765 715 5811 et
731 5753 764 5809 ad
780 5761 803 5806 tc
818 5760 845 5805 ct
856 5750 888 5805 ad
901 5767 958 5806 eura

1001 4646 1104 4700 ductor
1119 4660 1188 4699 arnus
1201 4652 1244 4701 est
1253 4644 1386 4699 onmium.
1402 4642 1478 4700 Unus
1489 4649 1532 4698 est
1542 4641 1615 4698 enirn
1629 4641 1700 4696 heus
1712 4640 1801 4704 Pater,

1001 4751 1035 4792 es
1050 4736 1222 4807 qnoomnia;
1237 4745 1265 4792 et
1284 4752 1353 4793 unus
1368 4734 1529 4807 Urriqenltus
1554 4733 1686 4791 Dominus
1712 4740 1806 4788 trustes

1051 4849 1079 4919 5)
1100 4848 1133 4904 ln
1148 4850 1237 4905 eadem
1247 4851 1428 4908 Sacramenta.

1051 4920 1082 4993 l)
1101 4919 1136 4975 Et
1150 4927 1263 4994 perfecta
1280 4926 1405 4994 prosecta.

1006 5052 1083 5107 seqare
1098 5036 1240 5093 reseratur.
1257 5036 1316 5093 ilar
1331 5038 1357 5092 in
1372 5036 1484 5093 Carent,
1509 5047 1537 5093 et
1558 5036 1629 5103 aliis,
1644 5052 1690 5092 nec
1711 5035 1807 5104 salum,

1007 5124 1053 5162 uec
1074 5107 1169 5180 falsum
1181 5127 1190 5163 .·
1204 5109 1292 5164 minus
1306 5109 1421 5165 sincere.
1437 5108 1494 5165 linc
1505 5109 1577 5165 enim
1600 5108 1651 5164 sihi
1677 5106 1755 5161 vulta
1771 5107 1809 5165 its

1007 5189 1034 5235 et
1049 5190 1075 5236 tc
1087 5180 1225 5237 celebrare
1250 5180 1344 5247 licum,
1359 5189 1388 5236 nt
1410 5195 1463 5237 non
1480 5181 1630 5236 solitariam
1653 5177 1807 5246 credamus,

1008 5262 1035 5306 et
1048 5266 1109 5306 eam
1124 5251 1272 5322 predicare
1293 5253 1387 5318 heum,
1402 5262 1432 5308 ιιι
1456 5266 1509 5308 aon
1532 5251 1629 5308 laisum
1648 5250 1808 5320 cogitemus.

1012 5322 1080 5378 Tum
1094 5323 1121 5378 in
1137 5323 1217 5380 Corb.
1233 5323 1359 5394 adjicitur
1370 5324 1487 5379 clausula
1505 5324 1594 5379 Arnen.

1048 5394 1084 5464 (e)
1104 5395 1185 5461 Editi,
1200 5397 1322 5450 mactari
1336 5394 1551 5452 :reluctantibus
1564 5407 1631 5450 mss.

1046 5466 1080 5540 (()
1099 5466 1136 5521 ltu
1154 5481 1219 5521 ntes.
1234 5467 1401 5537 antiquiores
1414 5467 1503 5528 Ceth..
1518 5463 1613 5533 uara,
1627 5463 1734 5533 Germ,
1755 5474 1810 5524 ete.

1010 5541 1062 5595 Alis
1078 5552 1140 5594 enm
1156 5537 1281 5607 vulgans,
1295 5555 1321 5592 tn
1333 5541 1420 5593 eadem
1432 5543 1602 5593 sacramenta.

1046 5611 1085 5681 (q)
1105 5609 1168 5664 hlss.
1191 5609 1249 5664 has.
1274 5608 1347 5677 Vnt,
1372 5610 1483 5665 Currant.
1506 5624 1568 5665 cnm
1588 5609 1681 5680 paucis
1704 5608 1813 5677 eliisei

1011 5684 1125 5753 perfecto
1137 5684 1263 5753 profecta.

1048 5749 1089 5824 (b)
1110 5752 1166 5807 ltuo
1183 5765 1247 5807 nass.
1270 5752 1348 5808 Colh.
1365 5761 1391 5810 ct
1401 5752 1494 5810 Germ.
1506 5752 1632 5825 aripenni
1642 5748 1702 5807 θεῖ,
