3884 6136
171 299 226 362 987
772 296 894 356 sanent
915 295 1043 356 nlulttlt
1064 296 1219 356 netsccet
1775 297 1831 354 288

170 419 315 496 passiones
330 419 387 476 nen
399 416 483 475 sociae
495 413 618 487 sunt,(l)
634 422 661 470 et
676 413 713 487 (ο)
728 412 865 486 spiritales
879 415 973 486 nequi·
987 412 1149 482 Acorporis
1172 411 1256 468 nostri
1271 424 1401 480 manere,
1423 410 1472 469 sed
1490 411 1516 468 in
1539 411 1585 469 llei
1605 410 1702 485 gloria.
1724 412 1760 469 Et
1775 411 1830 469 hoo

171 511 218 571 tiae
232 527 265 570 ac
284 512 394 568 malitie
411 516 560 582 potestates
577 504 713 579 triumpho
729 505 833 574 carnis,
851 503 907 562 lle'o
926 521 975 577 pcr
1028 505 1117 578 lingna
1130 505 1219 564 omnis
1233 504 1415 563 confitebitur.
1430 506 1534 563 Etcrrm
1550 507 1670 565 coelcstia
1684 517 1713 565 et
1726 516 1828 565 terres-

172 622 283 666 carnem
297 605 443 668 moriente,
459 601 624 658 subduntur.
1028 600 1078 655 trin
1100 598 1139 672 (ιι)
1153 615 1223 668 genu
1243 597 1353 655 flectent
1368 615 1374 652 :
1389 598 1441 655 1ιοο
1463 609 1542 669 eaput
1559 599 1648 654 omnis
1663 599 1832 671 principatus

209 701 236 758 8.
253 698 357 754 Fideles
372 695 425 751 ileo
438 696 465 750 in
478 684 585 750 Clerislo
595 693 673 766 pleni.
685 721 723 736 -
738 691 822 763 liujus
835 691 917 763 igitur
930 705 976 747 sa·
1027 700 1056 750 ct
1069 693 1209 764 potestatis
1224 702 1281 759 est,
1298 700 1329 747 ut
1340 693 1364 748 ei
1383 692 1508 748 uniuersa
1529 707 1599 763 genu
1620 692 1755 748 flectendo
1767 693 1833 750 sul)-

173 789 307 850 crementi
320 789 465 861 spostolus
475 787 612 852 conscius,
627 794 654 842 el
668 801 715 855 per
732 785 873 842 Dominum
889 785 975 855 ipsunt
1026 785 1097 856 jecta
1110 784 1179 852 sint,
1195 784 1220 839 in
1237 799 1289 852 quo
1304 800 1397 841 sumus
1411 784 1524 856 repleti,
1539 785 1625 854 etqui
1641 800 1690 855 per
1704 784 1834 842 inabitan-

174 883 237 942 lldei
253 883 394 940 scientiam
409 881 540 949 adeptus,
554 894 615 936 etrm
637 893 690 935 non
706 880 844 951 ignoraret
865 879 977 948 incapa·
1029 888 1082 934 tem
1097 879 1124 933 in
1137 893 1166 934 se
1179 878 1357 947 corporaliter
1372 877 1519 934 divinitatis
1540 877 1724 950 plenitudine,
1740 879 1766 935 in
1782 880 1833 938 liei

174 989 235 1033 cem
248 974 308 1045 ejus
320 988 381 1030 esse
398 982 425 1029 et
445 971 593 1038 mturdnm,
609 978 637 1027 et
651 969 792 1040 homines,
813 979 840 1026 ct
854 969 977 1041 plrlloso-
1029 970 1113 1041 patris
1126 970 1255 1041 silgloria
1268 968 1449 1026 confitendus.

175 1065 288 1140 pisiam,
304 1066 357 1132 ait,
378 1064 467 1120 Videte
489 1063 590 1134 nequis
605 1079 649 1118 aas
672 1064 776 1119 seducat
796 1079 841 1134 per
863 1061 978 1136 plriloso·
1065 1064 1092 1119 e.
1107 1061 1177 1117 Dens
1190 1063 1257 1117 idern
1269 1074 1358 1118 anclor
1372 1065 1576 1136 regenerationis
1589 1071 1684 1120 nostra
1699 1073 1722 1120 el
1737 1064 1835 1122 Christi

176 1158 265 1233 pltiant
277 1166 301 1213 el
313 1157 416 1214 inanem
435 1155 612 1227 deceptionem
632 1153 771 1209 secundant
791 1152 832 1225 (i)
861 1153 980 1207 lradilic-
1028 1155 1230 1211 resurrectionis.
1241 1185 1277 1195 —
1293 1154 1480 1211 Demonslreto
1492 1164 1581 1210 autern
1598 1163 1625 1212 et
1639 1164 1744 1212 naturae
1758 1173 1832 1224 suae,

176 1267 236 1306 nem
251 1249 288 1324 (i)
305 1249 454 1315 laurinum,
471 1247 612 1302 securrdnm
634 1245 758 1300 elementa
777 1243 913 1310 retundier
927 1260 979 1299 non
1029 1255 1057 1304 et
1070 1248 1261 1318 assunrptionis
1275 1256 1375 1302 nostrae
1388 1255 1570 1313 sacramento,
1584 1262 1647 1304 cum
1660 1249 1687 1302 in
1701 1263 1735 1306 eo
1747 1249 1835 1316 pleni·

176 1344 317 1400 secundum
329 1340 422 1397 desum
436 1339 590 1397 Cleristum:
604 1340 665 1409 qnia
678 1340 705 1393 in
717 1340 773 1409 ipso
785 1337 911 1392 itrlralitat
924 1353 979 1391 orn·
1029 1338 1122 1395 tudine
1135 1338 1283 1394 divinitatis
1304 1350 1444 1407 manente,
1468 1354 1519 1396 nos
1542 1340 1567 1394 in
1586 1354 1620 1396 eo
1640 1355 1690 1412 per
1711 1340 1738 1395 id
1759 1340 1834 1412 quod

177 1435 218 1492 nis
232 1435 366 1508 plenitudo
379 1434 520 1489 diuinitatis
534 1432 714 1503 corporaliter,
729 1441 754 1486 el
765 1432 825 1487 estis
839 1432 867 1486 in
880 1430 927 1486 illo
939 1447 980 1485 re-
1030 1433 1111 1488 lromo
1126 1441 1204 1487 natus
1214 1443 1254 1487 est
1266 1431 1439 1499 repleamur:
1456 1431 1589 1503 reliquam
1600 1432 1834 1503 dispensationem

183 1528 258 1599 pleli,
273 1526 308 1601 (e)
322 1527 392 1599 qued
404 1535 441 1582 est
451 1536 529 1597 caput
545 1526 627 1580 eternis
640 1523 834 1595 principatuset
848 1523 979 1596 potestatis
1029 1524 1155 1581 humanm
1171 1523 1268 1580 salutis
1279 1524 1447 1593 exsequitur,
1460 1524 1566 1592 dicens,
1579 1524 1612 1579 ln
1623 1542 1674 1596 quo
1685 1534 1708 1579 el
1723 1527 1837 1580 eircum-

179 1617 292 1694 (Coloss.
317 1634 353 1686 tr,
375 1619 392 1675 8
410 1628 434 1673 et
453 1616 546 1689 seqq).
572 1617 700 1688 Exposita
723 1616 813 1685 itaque
834 1615 979 1671 lralritantis
1030 1617 1077 1670 cisi
1088 1617 1148 1670 estis
1160 1616 1354 1671 circumcisione
1369 1632 1419 1670 nors
1435 1632 1512 1671 manu
1527 1616 1632 1685 lacraln
1649 1618 1837 1687 exspoliatione

178 1711 357 1783 corporaliter
370 1709 519 1768 divinitatis
532 1709 559 1764 in
576 1724 609 1765 eo
623 1707 805 1779 plenitudine,
821 1721 979 1764 saerarrtcn·
1030 1709 1146 1776 eorporis
1159 1708 1254 1774 cornis,
1270 1709 1351 1763 sedin
1362 1709 1556 1764 circumcisione
1568 1708 1665 1764 Cirisli
1678 1712 1834 1781 consepulti,

179 1814 234 1862 tum
248 1805 442 1876 assumptionis
456 1812 555 1859 nostrat
569 1803 699 1859 continuo
713 1803 843 1872 subjecit,
863 1800 973 1857 dicens:
990 1806 1014 1867 Β
1027 1803 1050 1858 ei
1064 1803 1091 1856 in
1104 1800 1266 1871 baptismis,
1277 1801 1304 1855 in
1314 1816 1364 1868 qna
1376 1809 1399 1855 ιι
1416 1800 1456 1873 (5)
1466 1801 1693 1857 conresurrexistis
1702 1820 1748 1875 prr
1758 1803 1837 1872 fidem

177 1894 250 1952 Ellis
264 1897 291 1951 in
301 1912 330 1951 eo
340 1896 440 1967 repleti.
457 1893 493 1952 Ul
506 1895 579 1951 enirn
595 1895 622 1950 in
637 1908 670 1950 eo
682 1893 828 1950 divinitatis
844 1891 925 1966 Μ
937 1900 980 1950 est
1030 1895 1185 1969 operationis
1199 1894 1266 1960 Dei,
1284 1895 1328 1965 qui
1342 1894 1461 1949 excitauit
1481 1910 1540 1950 eum
1559 1912 1576 1948 ι
1595 1895 1703 1949 mortuis
1722 1894 1835 1966 (Caloss.

178 1987 336 2061 plenitudo,
349 1989 386 2044 ita
407 2002 457 2043 nos
475 1988 501 2043 in
517 2002 551 2044 eo
571 2001 665 2043 sumus
680 1985 786 2057 repleti.
800 1987 894 2059 Neque
913 2001 980 2044 sone

178 2080 228 2151 nil,
242 2080 307 2136 estis
317 2079 426 2151 repleti,
436 2078 497 2146 sed,
508 2080 535 2134 in
547 2095 577 2135 eo
588 2080 648 2135 estis
660 2079 753 2148 repleti
762 2094 772 2135 :
781 2081 843 2151 quia
856 2094 904 2150 per
918 2078 981 2136 ndei

178 2172 298 2245 spemin
320 2171 403 2228 ritum
418 2181 549 2228 uternam
573 2171 726 2243 regenerati
748 2186 780 2226 ac
800 2170 979 2242 regenerandi

179 2282 274 2325 omnes
285 2282 357 2325 nunc
370 2265 506 2322 inchristi
519 2280 635 2339 corpore
650 2274 760 2321 manent
772 2265 829 2340 (d);
841 2263 980 2336 replendis

179 2373 273 2437 postea
292 2363 371 2434 ipsis,
389 2377 442 2417 non
455 2363 511 2434 jam
532 2363 560 2418 in
573 2379 616 2429 eo,
630 2361 678 2419 sed
696 2362 722 2418 in
737 2362 815 2434 ipsis,
831 2358 980 2418 secundum

179 2467 286 2530 tempus
298 2456 365 2515 illud
380 2457 415 2514 de
429 2471 482 2528 quo
496 2456 641 2527 Apostolus
655 2456 704 2524 ait,
719 2455 771 2523 Qui
785 2454 824 2528 (3)
840 2456 982 2527 transppa-

178 2554 246 2610 raiil
260 2552 296 2627 (ι)
311 2570 405 2624 corpus
419 2552 571 2607 dunrililalir
593 2561 705 2617 nostroe,
725 2554 858 2624 consume
879 2549 982 2621 corpori

179 2646 271 2720 pluria
283 2662 337 2702 sue
359 2643 445 2716 (Plril.
474 2659 520 2708 ιιι,
533 2642 591 2715 al).
612 2643 689 2699 Nune
703 2643 784 2714 igitur
795 2643 823 2698 in
838 2659 871 2699 eo
885 2642 981 2713 repleti

178 2753 283 2804 sumus,
301 2737 326 2794 id
342 2748 395 2806 est,
412 2752 460 2805 per
472 2737 684 2807 assumptionem
697 2735 788 2791 earnis
800 2735 874 2807 ejus,
889 2736 915 2790 ln
928 2751 982 2806 qun

179 2831 328 2889 divinitalis
342 2827 481 2900 plenitudo
496 2827 676 2898 corporaliter
692 2827 834 2884 inlrnlrital.
849 2828 883 2884 Et
901 2827 981 2899 lrnjns

178 2923 238 2995 spei
260 2932 361 2979 nostrae
375 2936 428 2977 non
443 2921 540 2992 exigua
555 2920 581 2976 in
595 2934 629 2975 eo
650 2929 770 2991 potestas
788 2931 840 2976 est.
861 2919 982 2992 Namque

179 3015 251 3089 quod
264 3013 357 3086 repleti
370 3014 396 3068 in
408 3028 441 3069 eo
453 3028 557 3076 sarnus,
570 3012 622 3068 hoc
631 3022 673 3068 est
683 3022 764 3082 eaput
776 3028 808 3069 ao
821 3014 981 3085 principium

179 3108 269 3164 omnis
284 3106 436 3179 potestatis,
451 3106 599 3162 secundum
617 3106 682 3165 illud
698 3125 705 3162 ε
719 3107 754 3166 Ut
767 3108 793 3162 in
808 3110 918 3164 nomine
931 3122 982 3163 suo

1030 2003 1060 2056 ιι,
1081 1989 1108 2054 l,
1125 1985 1416 2058 idicircumeidimur
1425 1988 1526 2058 itaque,
1537 2003 1590 2042 non
1600 1987 1683 2061 285
1691 1986 1837 2045 eircumci-

1031 2080 1108 2137 sione
1133 2079 1252 2149 carnali,
1276 2080 1325 2137 sed
1346 2080 1555 2137 circumcisione
1568 2078 1680 2147 Christi,
1696 2081 1723 2137 id
1737 2091 1791 2147 est,
1809 2083 1836 2138 in

1032 2192 1130 2233 norum
1147 2176 1283 2232 ltominem
1297 2176 1395 2231 renati.
1409 2174 1476 2231 Cum
1492 2175 1563 2231 eninr
1581 2175 1783 2243 consepelimur
1794 2176 1835 2250 (6)

1032 2269 1197 2344 baptismale
1213 2271 1245 2345 (ι’)
1262 2270 1331 2339 ejus,
1347 2269 1418 2323 rnnri
1433 2283 1483 2322 nos
1497 2281 1611 2325 necesse
1625 2278 1667 2324 est
1685 2283 1720 2324 cx
1742 2277 1836 2326 retere

1033 2366 1159 2431 iromine3
1176 2365 1237 2436 quia
1252 2363 1555 2434 regeneratiolraptismi
1570 2361 1781 2418 resurrectionis
1793 2371 1837 2419 est

1032 2461 1128 2516 uirtus.
1144 2460 1177 2514 Et
1189 2458 1247 2515 lracc
1261 2457 1434 2514 circumcisio
1446 2455 1547 2512 Christi
1559 2464 1672 2522 est,non
1687 2457 1838 2528 exspoliari

1034 2567 1118 2609 carne
1130 2550 1272 2621 praeputii,
1289 2549 1336 2605 sed
1352 2557 1425 2604 totos
1440 2548 1572 2604 eontrnori
1587 2548 1631 2615 ci,
1647 2555 1675 2604 et
1687 2562 1736 2616 per
1750 2548 1777 2604 id
1792 2557 1835 2604 to·

1036 2657 1078 2701 tos
1095 2656 1187 2715 pteslea
1203 2643 1227 2700 ei
1246 2643 1350 2701 rivere.
1365 2644 1394 2698 ln
1414 2657 1448 2698 eo
1464 2643 1536 2698 eninr
1552 2642 1590 2718 (J)
1607 2643 1773 2714 resurgimus
1787 2659 1838 2714 per

1035 2741 1094 2812 ejus
1115 2739 1163 2794 Dei
1178 2739 1274 2807 lrdem,
1294 2739 1416 2808 quicum
1434 2737 1577 2793 suscitarit
1591 2752 1607 2792 a
1622 2736 1748 2793 mortuis.
1766 2736 1838 2795 Cre·

1035 2831 1140 2888 dendus
1154 2846 1220 2903 ergo
1234 2831 1304 2886 Deris
1315 2839 1367 2898 est,
1380 2830 1458 2899 cujus
1472 2829 1633 2900 operatione
1646 2828 1773 2886 Christus
1785 2846 1838 2887 ex-

1035 2927 1133 2983 citatus
1147 2940 1162 2980 a
1177 2925 1292 2980 mortuis
1307 2933 1370 2981 est:
1387 2924 1449 2994 quia
1465 2922 1531 2979 lldes
1549 2923 1602 2978 ista
1615 2924 1789 2995 conresurgit
1807 2925 1837 2981 in

1035 3018 1155 3075 Christo.

1072 3113 1115 3170 lo.
1135 3111 1209 3168 ldenr
1222 3111 1340 3167 Christus
1353 3120 1379 3165 ut
1393 3109 1470 3165 dorric
1482 3109 1601 3176 moritur,
1613 3118 1642 3163 nt
1655 3108 1725 3167 liena
1736 3125 1764 3165 ιι
1775 3126 1837 3164 sus·

179 3214 261 3257 omne
274 3214 345 3271 80⁰⁰
360 3198 396 3273 (l)
408 3197 515 3265 (111111,
530 3200 697 3268 1111111111,
711 3209 739 3255 111
753 3202 937 3269 milliarium,
954 3209 982 3257 el
1034 3209 1106 3264 citat.
1131 3238 1167 3248 -
1188 3207 1399 3264 Consummatur
1413 3205 1511 3262 deinde
1536 3205 1572 3261 ita
1598 3220 1679 3260 omne
1702 3205 1838 3275 assumpti

181 3293 365 3359 inlelnltrllml
381 3302 407 3349 11
426 3294 515 3350 omnis
536 3294 624 3364 11118111
649 3293 819 3362 confitetitur.
839 3296 901 3367 ιιιὶι
923 3296 978 3351 Do·
994 3255 1018 3320 C
1032 3301 1154 3358 hominis
1167 3310 1367 3357 sacramentum
1381 3317 1389 3354 ι
1403 3299 1438 3354 llr
1459 3316 1503 3355 aas
1516 3299 1556 3372 (ιι)
1570 3301 1667 3355 mortui
1677 3316 1735 3355 eum
1748 3301 1839 3356 essetis

181 3384 359 3442 miorrstesns
374 3383 414 3458 (4)
427 3384 454 3440 111
469 3383 554 3456 8101Ῑ1
572 3383 619 3440 001
638 3386 722 3454 petris
746 3385 859 3458 (pistilli-
875 3402 904 3455 ¹¹,
933 3386 978 3453 10.
1031 3397 1059 3451 in
1072 3393 1172 3449 delictis
1196 3402 1220 3448 el
1241 3393 1367 3465 praepulio
1390 3393 1476 3447 carreis
1499 3400 1597 3459 cestrie,
1622 3392 1757 3463 uiuificacit
1776 3410 1838 3448 eum

182 3477 237 3550 ll).
255 3476 396 3533 Conlessio
420 3476 508 3547 ltaque
523 3476 580 3533 ltaec
599 3479 671 3535 erit:
687 3477 779 3535 desum
793 3481 821 3534 in
834 3480 920 3551 picria
935 3481 980 3535 net
1031 3486 1089 3552 illo,
1103 3486 1205 3541 dorsalis
1218 3485 1287 3540 coiis
1310 3485 1426 3539 omnibus
1439 3484 1549 3548 delictis,
1565 3484 1653 3539 delens
1664 3485 1733 3555 queri
1745 3485 1841 3540 aduer-

180 3570 273 3640 palris,
285 3577 313 3624 et
326 3577 419 3624 netum
433 3568 460 3624 in
474 3568 583 3626 homine
595 3569 633 3643 (g)
642 3572 698 3641 jam
718 3585 772 3628 non
784 3570 811 3628 in
822 3572 980 3630 infirmitate
1032 3594 1143 3635 snmnos
1155 3587 1209 3634 erat
1221 3575 1421 3650 clriroqrapltum
1433 3576 1459 3631 in
1471 3577 1613 3641 sententiis,
1625 3577 1693 3649 quod
1706 3588 1762 3632 erat
1776 3594 1841 3633 ean-

218 3706 257 3780 (ι)
283 3704 317 3761 Ει
336 3706 462 3779 spiritalis
476 3708 638 3779 nequitiaac
657 3707 763 3763 nralitire
784 3711 925 3780 potestatis,
938 3709 984 3768 de-

180 3787 445 3924 prgprfmm
460 3850 539 3920 paulo
550 3857 621 3922 pasl,
633 3860 657 3906 el
667 3867 719 3906 non
729 3855 868 3907 securrdum
880 3851 982 3922 lesum,

182 3923 284 3978 omissa
297 3937 363 3978 noce
377 3922 509 3978 Clerislunr

217 3993 258 4064 (5)
271 3993 497 4067 Transfigurauil,·
511 3992 621 4062 deinde,
637 3993 764 4066 eorporis,
781 4008 835 4051 non
849 3997 963 4083 eprpori.

217 4114 255 4188 (a)
277 4115 351 4180 lips.
367 4124 392 4172 et
413 4115 475 4170 Par.
497 4115 623 4188 spiritalis
644 4116 784 4186 nequitie:
804 4116 984 4173 renitentibus

181 4187 243 4244 aliis
255 4187 341 4243 libris.
356 4188 417 4242 Mox
432 4185 608 4244 Carrtntensis
619 4187 717 4258 codex,
728 4189 756 4243 in
772 4204 859 4258 carne,
874 4204 928 4246 non
939 4207 984 4262 per

185 4275 372 4404 miilffimnes
387 4343 470 4399 prope
486 4344 551 4386 mss.
567 4330 717 4386 traditiones
731 4347 742 4386 .·
756 4333 879 4402 quamvis
891 4347 984 4403 supra,

1074 3711 1112 3785 (ι)
1129 3713 1177 3769 tls.
1194 3712 1295 3770 Veroli.
1310 3715 1336 3768 in
1349 3713 1459 3784 pluriam
1478 3720 1517 3767 eal
1531 3709 1580 3767 Dei
1600 3711 1707 3780 Patris,
1728 3727 1839 3784 graeec,

1037 3787 1073 3847 rie
1084 3784 1158 3852 δόξαν
1169 3789 1226 3842 θεοῦ
1234 3785 1344 3863 saepia:
1360 3784 1527 3909 paulopost,
1543 3784 1634 3839 iesum
1648 3784 1842 3841 substituimus

1035 3872 1068 3912 ex
1086 3866 1179 3913 nostro
1195 3871 1245 3912 ms.
1261 3860 1346 3912 ¹lintea
1379 3872 1446 3911 esus.

1071 3926 1101 4000 (5
1127 3926 1343 3984 Cortsurrecislis.

1070 4000 1098 4073 (6
1131 3998 1247 4056 Praelert
1259 3999 1397 4070 exenrplar
1412 4000 1515 4058 Veron.
1531 3998 1677 4072 laptismali
1691 4000 1757 4072 ejuu

1073 4120 1112 4189 (el
1128 4121 1223 4177 Plures
1240 4135 1305 4176 mss.
1322 4118 1524 4191 transfiguravit.
1541 4117 1648 4173 Martio.
1666 4117 1841 4187 transforma-

1036 4192 1072 4247 uit
1085 4209 1095 4248 :
1109 4192 1180 4262 qood
1202 4200 1230 4247 et
1250 4192 1331 4248 lrabel
1348 4190 1408 4245 Vat.
1431 4191 1489 4246 bns.
1506 4187 1673 4257 eode1,qui
1695 4202 1756 4243 eum
1768 4201 1842 4243 non·

1037 4263 1301 4402 (ιὲιιιιὲἰνιὲιὲῑνιὴροιιιι
1315 4261 1437 4334 subjicit,
1454 4264 1585 4335 certiorem
1604 4260 1702 4332 (adens
1715 4260 1823 4332 corpori
1831 4300 1842 4329 ,

181 4414 212 4457 n.
224 4403 256 4462 l,
272 4400 342 4455 lilrro
355 4405 495 4471 superiore
510 4417 536 4456 ιι.
551 4402 603 4469 55,
618 4411 646 4456 et
659 4402 679 4456 l.
692 4417 711 4466 1,
726 4417 755 4458 n.
769 4402 821 4469 ld,
837 4404 987 4461 exirilreanl
1075 4404 1110 4478 (()
1121 4405 1158 4462 lla
1175 4406 1282 4462 Badeo
1296 4405 1418 4476 plerique
1433 4419 1498 4461 mss.
1514 4405 1549 4459 At
1563 4402 1634 4474 apud
1647 4402 1708 4466 En,
1723 4400 1799 4473 Lips.
1813 4409 1844 4459 et

182 4471 356 4527 traditionem.

1039 4476 1119 4544 Pan,
1132 4479 1262 4548 flectatur.
1277 4476 1306 4533 ln
1322 4492 1373 4532 ms.
1389 4477 1451 4535 ilat.
1465 4477 1524 4533 has.
1540 4483 1567 4532 el
1586 4473 1795 4538 alteratione,
1813 4483 1845 4529 ιιι

219 4541 255 4615 (ι)
270 4541 316 4597 Sic
329 4541 452 4612 plerique
472 4557 503 4598 ae
524 4543 646 4599 melioris
660 4552 730 4601 noue
747 4557 813 4600 mss.
834 4545 985 4602 laventibus
999 4540 1066 4604 liin
1086 4552 1189 4606 nomine
1213 4548 1277 4604 lesu
1301 4565 1388 4604 onrnes
1412 4566 1478 4622 genu
1499 4549 1602 4618 plectant
1617 4564 1626 4601 :
1641 4561 1674 4602 ex
1696 4560 1750 4613 quo
1763 4546 1843 4615 sequi

182 4614 330 4677 sultrsexis,
348 4612 424 4680 Quod
435 4615 525 4686 repleti
544 4616 571 4670 in
584 4631 614 4669 eo
629 4631 729 4683 surmus,
750 4617 800 4670 troc
810 4625 849 4671 est
862 4626 939 4686 capul
953 4635 984 4672 aa

184 4685 340 4756 principium
353 4686 435 4740 onrnis
450 4687 591 4754 potestatis.
607 4685 678 4741 Editi
694 4701 772 4754 vero,
786 4689 830 4757 qui
843 4697 880 4743 ιιι
893 4699 982 4760 eaput,

183 4756 320 4828 quomodo
334 4756 432 4825 legitor
446 4757 493 4812 liis.
509 4773 533 4820 ι,
550 4774 577 4813 n.
596 4757 639 4814 te.

220 4825 260 4901 (d)
276 4827 407 4883 lncodiee
422 4827 482 4884 Vat.
501 4828 578 4895 itas„
593 4828 719 4898 llartin.,
734 4829 839 4886 duobos
866 4829 943 4887 Colli.
957 4839 985 4887 ot

183 4914 238 4954 uno
259 4900 375 4957 Sorbnn.
400 4915 540 4971 perperam
568 4901 611 4955 nic
633 4901 759 4972 adiicitur
780 4902 881 4975 repleti.
905 4902 984 4959 ilatio

182 4972 281 5042 qnippe
302 4971 345 5028 iric
364 4971 506 5041 subjicitur
526 4987 575 5028 cnr
590 4971 684 5027 ddeles
699 4973 725 5028 in
741 4974 851 5030 Cirrisln
866 4974 921 5029 sint
938 4991 983 5031 re·

183 5042 249 5114 ploti
272 5042 343 5108 lieo,
364 5044 425 5112 quia
440 5044 567 5100 nimirum
587 5054 697 5099 manem
712 5047 738 5099 in
754 5046 838 5114 ipsius
850 5061 981 5114 corpore,

183 5113 255 5184 quod
270 5115 362 5197 gloriae
375 5116 430 5183 jam
450 5117 584 5185 particeps
599 5114 711 5182 laetrrm,
728 5116 783 5171 lieo
800 5117 912 5186 proinde
926 5117 983 5185 ple·

183 5200 247 5240 num
262 5198 307 5240 stt.
321 5184 429 5241 llanenl
442 5202 524 5258 porro
540 5188 565 5242 in
581 5188 640 5257 ejus
654 5202 779 5258 corpore,
796 5187 858 5258 qnia
874 5198 902 5242 ut
916 5187 983 5244 diei-

184 5265 227 5313 tur
240 5256 266 5312 in
281 5257 348 5326 psal.
365 5272 401 5317 ιι.
414 5273 442 5312 ιι.
458 5259 508 5314 16;
521 5258 637 5314 Christus
652 5268 772 5313 naturam
784 5259 810 5313 in
820 5275 847 5314 se
859 5259 982 5314 uniuersae

183 5330 269 5383 carnis
283 5330 430 5400 assunrpsil.
453 5328 530 5384 Unde
547 5346 607 5398 cop.
623 5329 640 5383 l
657 5330 682 5385 in
698 5328 790 5384 llatllt.
806 5346 834 5385 n.
852 5330 900 5396 li,
917 5345 981 5387 caro

183 5399 283 5455 Citrisli
299 5403 393 5457 ciuitas
416 5414 597 5472 noncupatur,
617 5399 643 5454 in
663 5416 713 5471 qna
728 5401 848 5472 quaedam
870 5403 981 5458 uniuersi

183 5471 284 5544 gerreris
298 5473 403 5527 duntani
416 5476 579 5544 congreqolio
591 5472 745 5534 continetur,-
756 5473 889 5539 adeoqne,
903 5483 931 5528 ιιι
944 5475 982 5529 ait

184 5542 342 5598 Ambrosius
357 5559 401 5613 ep.
417 5559 488 5599 nunc
500 5561 590 5604 narrt.
604 5543 637 5599 ad
649 5542 789 5610 lrenaenm,
806 5545 859 5601 n.8
873 5563 880 5599 a
896 5546 923 5600 in
935 5547 982 5600 illa

183 5628 261 5670 carm
272 5612 366 5670 Cirrisli
375 5632 420 5688 per
430 5618 587 5673 consortium
596 5616 712 5688 ejusdem
720 5627 820 5672 aratores
830 5632 890 5672 caro
901 5617 982 5673 omnis

183 5684 290 5740 inmani
300 5687 400 5756 pencris
411 5688 537 5744 denerata
551 5699 598 5744 est.
611 5687 798 5760 llepleltuntor
808 5698 899 5745 autem
910 5689 937 5745 in
951 5704 981 5761 se

182 5752 436 5884 '3⁰⁸¹f’cgp'n‘p19'iae
446 5757 983 5833 dumentoproprnrcorporituscon·

200 5839 272 5884 orei
317 5839 375 5882 ttn.

1036 4621 1163 4686 deberet,
1183 4621 1305 4685 coelesles,
1322 4636 1376 4676 non
1400 4621 1549 4676 coelesliunt.
1578 4617 1688 4686 Graece,
1701 4620 1743 4674 ira
1766 4618 1843 4693 ἐντῷ

1036 4691 1141 4767 ὀνόματι
1151 4700 1223 4752 lacuit
1236 4699 1289 4749 airu
1301 4694 1364 4768 pinu
1378 4694 1477 4767 κάμψῃ.
1539 4766 1550 4780 ,Δ

1053 4854 1059 4868 .
1073 4786 1111 4858 (p)
1126 4783 1197 4839 Editi
1210 4784 1253 4841 iric
1264 4784 1366 4841 addunt
1380 4783 1480 4848 Deum:
1495 4798 1554 4855 quoe
1566 4797 1618 4839 ros
1629 4782 1729 4838 abesto
1743 4779 1833 4854 polio·

1036 4856 1113 4998 aab&
1127 4871 1222 4984 lissinis.
1239 4925 1346 4982 llnrtin.
1363 4926 1407 4982 ltic
1420 4928 1546 4998 adjicitur
1559 4935 1583 4981 et
1596 4925 1710 4996 inferna.

1071 4999 1102 5073 (ι’)
1115 4998 1224 5069 dntiqni
1236 4999 1296 5053 libri
1312 4998 1417 5053 Martio.
1431 4999 1504 5064 Vnt„
1517 4996 1687 5064 oas.,crno.,
1700 4995 1840 5069 etc.,lrap·

1037 5071 1134 5126 lismoli
1158 5073 1224 5143 ejus.
1241 5070 1425 5138 neronianae,
1449 5070 1601 5140 brrptisnrale
1620 5070 1644 5123 ei
1656 5085 1665 5122 :
1678 5067 1752 5137 quod
1775 5069 1844 5124 satis

1036 5142 1183 5199 arridebat.
1198 5142 1253 5197 Sed
1269 5142 1404 5210 quornndo
1425 5157 1506 5214 supra
1521 5140 1622 5196 dicitur
1644 5139 1843 5194 eireunrrisione

1036 5212 1144 5275 Clrristi,
1168 5213 1204 5267 ira
1227 5222 1254 5267 et
1276 5227 1348 5267 nunc
1363 5212 1516 5283 baptismate
1530 5214 1595 5282 eins,
1619 5210 1646 5266 id
1661 5221 1714 5278 est,
1730 5224 1846 5282 suseep-

1037 5287 1110 5342 tiono
1123 5284 1291 5354 baptismatis
1302 5283 1336 5338 alt
1347 5285 1406 5354 ipso
1422 5285 1549 5342 instituti.

1070 5377 1105 5453 (j)
1125 5377 1301 5432 llarliniamrs
1322 5377 1426 5444 codes,
1452 5378 1639 5433 resurreximus
1655 5392 1664 5432 ι
1679 5384 1707 5432 et
1730 5384 1841 5448 postea,

1035 5449 1197 5504 consurrexit
1211 5449 1238 5503 in
1253 5446 1365 5517 Christo,
1382 5464 1435 5504 non
1452 5449 1621 5522 conresurpil.

1071 5543 1108 5616 (ιι)
1128 5541 1165 5599 lta
1179 5559 1247 5600 mss.
1263 5541 1335 5599 Erliti
1357 5559 1423 5600 vero
1436 5543 1594 5615 particulam
1616 5558 1674 5596 cum
1698 5541 1845 5614 praedgunl

1035 5616 1119 5672 uerbo
1134 5616 1238 5671 mortni.
1254 5616 1330 5684 Quod
1345 5615 1391 5672 lib.
1415 5631 1434 5671 ι.
1451 5631 1478 5670 ιι.
1496 5615 1568 5681 l5,a
1590 5629 1656 5669 mss.
1679 5614 1778 5671 abesse
1794 5629 1846 5670 an·

1036 5691 1201 5744 notavimus.
1228 5686 1290 5743 llrrx
1303 5701 1354 5742 ms.
1370 5686 1478 5743 ilartin.
1496 5688 1597 5742 donans
1608 5685 1679 5740 caiis
1689 5685 1779 5741 omniu
1792 5685 1843 5741 de·

1037 5759 1112 5887 ((ῖιιιι
1133 5757 1270 5885 (ιοοιιὲοᾱο
1283 5759 1382 5830 legitur
1403 5757 1453 5816 lic.
1474 5760 1504 5828 ι’,
1529 5753 1557 5815 ll.
1571 5751 1619 5827 47(
1645 5755 1724 5815 usus
1747 5760 1842 5815 allieni

1078 5865 1085 5881 .
1116 5869 1123 5897 ,
1148 5847 1166 5885 ι.
1221 5867 1227 5882 .
