3884 6136
151 245 207 305 185

756 247 800 305 DE
819 243 1006 304 auiditate
1025 245 1131 304 tanen
1152 246 1194 304 tt.

1756 252 1809 312 tstt

147 338 335 432 {o)reritaiem
346 357 588 430 peridqnodabeo
596 357 662 414 exiit
675 372 882 431 recognoscant,
891 374 952 415 enm
967 365 992 424 Α
1040 360 1085 418 db.
1109 360 1203 417 Petras
1213 363 1296 433 ριιοοι
1306 360 1355 419 Dei
1364 368 1497 437 erinperto
1509 382 1595 422 turam
1606 366 1723 430 eredidit.
1737 369 1811 428 Titne

147 453 261 510 dieunt:
273 450 301 507 N
303 469 352 507 one
363 469 424 524 erpo
437 453 542 516 teitaus,
552 452 612 524 quie
621 454 687 508 nosti
697 453 792 520 οοιοιο,
809 463 832 509 et
842 470 894 508 non
903 453 952 509 iia·

147 545 192 601 ber
204 560 316 612 uasere,
335 552 364 598 ot
385 545 480 616 uliquis
493 555 517 600 te
530 545 667 618 interropet
682 546 731 600 :io
754 544 803 600 boe
825 545 953 600 credimus

146 642 249 713 qando
270 638 326 697 Deo
339 641 415 696 eairti
430 639 521 706 (donat.
547 656 606 707 xrt,
618 641 676 712 29).
692 641 743 698 Per
760 641 786 697 id
798 641 870 697 eninr
893 657 953 698 ete·

147 738 228 804 dunt,
241 737 313 808 quud
325 752 340 791 a
353 738 408 793 beo
422 736 497 804 exiit,
510 753 558 807 per
570 737 641 807 qnod
656 753 686 793 ea
697 752 758 808 quas
771 737 816 792 bei
829 744 892 792 sunt
903 752 952 808 po·

146 838 202 885 test
211 839 291 899 atque
301 831 356 901 agit
369 829 417 901 (b).
431 828 490 885 Nun
503 830 576 885 enirn
588 838 711 884 naturam
725 831 797 887 [isia
813 831 891 886 Patre
904 846 951 887 ve·

147 924 234 990 uisse,
249 921 328 979 seda
353 922 410 978 Deo
429 923 520 979 exisse
542 932 725 978 turtsumtnat.
752 924 872 993 Dettique
888 925 950 991 boe,

147 1017 221 1090 quod
232 1032 304 1072 nttne
313 1017 429 1088 primurn
441 1015 565 1082 audiunt,
575 1015 612 1088 (e)
624 1016 799 1072 eoobrrnatur
809 1016 841 1072 ad
859 1015 949 1094 tidem.

146 1111 215 1169 Nam
235 1125 297 1166 enm
322 1111 452 1166 Dominus
476 1119 620 1179 utrumque
642 1108 776 1166 dixisset:
793 1109 848 1182 Epo
866 1108 951 1166 ooo

144 1204 223 1268 exiri,
236 1212 260 1258 et
279 1218 296 1256 o
320 1200 398 1258 Putre
420 1203 476 1257 oeni
501 1202 529 1257 io
554 1200 623 1258 bane
648 1203 772 1258 niernum
789 1203 869 1277 (ibid.
882 1202 949 1275 28);

145 1294 215 1351 nibit
230 1294 415 1351 admirationis
431 1296 457 1349 in
479 1309 513 1349 eo
525 1295 687 1362 babuerunt,
700 1295 772 1364 quod
795 1297 950 1368 [requenter

143 1388 299 1453 audieram,
310 1398 334 1443 et
345 1406 362 1442 o
372 1385 452 1442 Patre
465 1388 522 1442 uerti
533 1389 561 1442 in
571 1386 639 1442 bane
649 1389 783 1445 irritandam.
797 1389 949 1460 Responsio

143 1490 241 1538 autem
251 1496 356 1546 eorum,
370 1482 450 1537 fidem
459 1489 488 1537 et
499 1464 704 1553 intelligentiam
717 1482 796 1553 bajus
809 1483 871 1537 dieti
883 1499 948 1539 οοο-

143 1584 244 1632 testata
258 1582 310 1642 est,
327 1574 384 1647 Epo
400 1589 417 1629 o
436 1572 491 1630 Deo
505 1575 580 1631 caini.
595 1575 710 1630 Namad
727 1576 752 1631 id
770 1585 872 1631 tantum
891 1592 948 1633 res·

142 1682 261 1741 pensum
275 1678 326 1736 est,
344 1683 404 1724 cum
417 1667 522 1735 dieunt,
547 1668 580 1723 in
590 1667 639 1724 boe
651 1670 779 1724 credituras
794 1674 915 1740 qnoniam
930 1689 947 1727 a

1005 458 1116 527 printnnt
1128 472 1185 512 earn
1196 458 1298 528 optinuit
1322 457 1415 513 Deerit.
1435 459 1485 515 Udi
1498 461 1629 517 didicerit.
1643 493 1679 505 —
1693 464 1752 521 Non
1767 475 1809 525 est

1003 550 1158 620 evangeliea
1170 559 1198 607 et
1210 551 1357 621 apostoliea
1373 553 1449 619 tides,
1466 553 1550 610 dtiutn
1566 556 1613 612 bei
1635 559 1744 615 nomine
1758 575 1808 630 po·

1004 641 1057 697 tios
1070 657 1148 712 quain
1163 657 1258 698 tratura
1273 644 1431 700 credidisse.
1447 646 1477 702 Si
1492 645 1565 703 enini
1580 650 1731 720 adernionis
1746 652 1808 710 baec

1003 737 1167 808 ninreopatio
1180 746 1231 801 est,
1246 748 1272 793 et
1285 754 1337 794 non
1354 738 1455 795 ideireo
1470 740 1541 796 tilius
1565 752 1617 808 est,
1634 746 1696 815 qnia
1712 748 1809 804 exierit

1002 845 1017 884 a
1032 830 1103 897 Deo;
1119 846 1211 902 qinono
1224 833 1297 889 unde
1308 832 1402 888 beatos
1414 834 1507 891 Simon
1522 835 1657 894 bar-iona
1679 849 1721 895 est
1742 856 1808 896 eoo-

1002 919 1101 988 tessus,
1114 921 1153 977 Te
1163 941 1189 979 ea
1200 923 1319 979 Cbristns
1328 926 1399 996 fitius
1412 925 1461 981 oet
1470 927 1520 982 οἱοὶ
1533 927 1640 1001 (diuttb.
1661 947 1715 998 art,
1741 933 1785 1005 ts)
1797 934 1809 990 i

1002 1030 1072 1072 anne
1086 1032 1147 1072 eunt
1162 1019 1288 1076 omtiibns
1301 1031 1421 1089 potestas
1436 1022 1471 1076 sit
1482 1037 1531 1091 per
1541 1036 1740 1081 sacramentum
1758 1044 1800 1084 re·

1001 1109 1184 1177 generationis
1196 1108 1234 1182 (ρ
1247 1110 1275 1164 οι
1290 1109 1359 1166 ono
1373 1111 1422 1168 oo
1434 1114 1563 1169 oasctist
1576 1100 1725 1172 sirinano
1739 1119 1809 1178 none

1003 1205 1230 1270 nuncupationem
1243 1203 1313 1259 tilius
1327 1204 1374 1259 Dei
1383 1204 1506 1262 Christus
1518 1215 1576 1268 est;
1591 1210 1733 1282 interrogo
1743 1211 1807 1283 quid

1000 1293 1064 1349 iiied
1074 1295 1118 1360 sit,
1128 1295 1199 1365 qnod
1208 1296 1288 1351 Petro
1299 1312 1352 1352 noo
1363 1312 1426 1353 earu
1438 1315 1525 1370 neqoe
1536 1303 1644 1372 sanguis
1657 1304 1804 1374 revetavit,

1000 1386 1185 1458 sedPaterqni
1198 1389 1223 1442 in
1232 1389 1356 1445 coeiisest
1367 1388 1515 1463 (toarni
1529 1391 1670 1450 Getteratis
1678 1395 1808 1464 professio

999 1479 1062 1548 qnid
1071 1479 1150 1535 babet
1158 1481 1686 1558 nteritiiautquaerevetationisestgierin
1695 1488 1809 1560 intibpu·

999 1572 1068 1628 bttea
1081 1575 1259 1631 conscientia?
1268 1576 1296 1632 Si
1310 1593 1342 1632 ex
1355 1577 1499 1648 adoptione
1513 1579 1584 1635 otius
1594 1591 1651 1648 est;
1669 1582 1739 1638 unde
1751 1585 1808 1641 bae

1000 1664 1026 1718 in
1034 1664 1114 1721 Petro
1123 1667 1200 1722 beata
1211 1669 1345 1724 cottiessio
1357 1679 1409 1737 est,
1421 1669 1472 1726 boe
1480 1671 1584 1745 rttioqt)
1594 1672 1725 1730 deserenti
1735 1673 1807 1746 quod

84 1758 88 1764 ’
140 1760 200 1819 Deo
212 1764 288 1819 eristi
301 1779 311 1828 ‚·
326 1777 413 1847 noeque
423 1762 537 1832 addnot,
552 1763 585 1818 Ει
592 1763 708 1915 ‘Patre
719 1765 818 1820 venisti
835 1766 861 1820 io
879 1766 951 1824 inune
967 1753 990 1814 B
1004 1769 1044 1813 est
1056 1761 1463 1818 cooooooesariconontttoo
1473 1761 1714 1819 bumanamautetn
1725 1764 1808 1821 intel·

140 1856 284 1915 mundum.
304 1856 385 1930 159
405 1856 513 1913 Etcum
536 1857 590 1912 atte
625 1872 650 1911 m
666 1857 692 1911 in
714 1857 895 1928 professione,
911 1859 950 1914 ai·

91 2002 106 2020 ,.
139 1960 231 2008 mrum
245 1950 273 2006 in
288 1951 399 2007 sitentio
418 1960 476 2015 est;
502 1948 679 2020 professionis
691 1964 802 2006 eausam
817 1950 885 2006 dicti
898 1968 948 2007 ou·

138 2045 211 2101 ritas
225 2044 327 2115 eregit,
342 2044 488 2115 profitendi
504 2054 595 2100 autern
607 2046 833 2101 contestationem
850 2047 948 2102 intedi-

61 2122 69 2135 ’
137 2138 231 2210 gentis
246 2138 371 2195 veritatis
385 2138 490 2195 etieuit.
510 2138 639 2195 Sciebant
659 2137 766 2209 quidem
780 2155 841 2194 eom
857 2141 948 2196 omnia

139 2243 168 2288 nt
183 2232 271 2290 [ierim
282 2246 372 2302 posse,
386 2233 436 2288 sed
450 2232 569 2289 nondum
591 2233 723 2288 rationem
741 2232 783 2303 (d)
799 2234 948 2289 insitivitatis

138 2336 303 2395 acceperant
319 2342 326 2380 ε
342 2335 370 2381 οι
393 2324 438 2396 qui
460 2324 582 2380 sciebant
602 2325 685 2379 aben
710 2323 833 2388 missurn,
858 2325 948 2382 exisse

138 2427 231 2474 tamen
249 2417 333 2473 abeo
348 2417 515 2474 nesciebant.
532 2416 742 2472 literrarrabitotn
759 2416 831 2470 iilam
843 2425 871 2471 et
884 2432 945 2488 per-

137 2511 239 2569 tectam
254 2510 316 2567 Filii
331 2515 499 2567 nativitatem
515 2526 563 2581 per
578 2512 707 2566 virtutem
731 2510 793 2566 dicti
810 2511 888 2566 istius
903 2513 945 2567 in-

138 2605 308 2677 tertigenas,
321 2603 357 2677 (e)
370 2619 540 2660 buttesecuttt
553 2605 612 2660 sine
624 2604 775 2676 proverbiis
786 2605 947 2677 promentur

111 2677 273 2757 ἰοοοιιιοο

173 2789 221 2847 35·
244 2789 332 2845 Exitio
345 2807 421 2863 qoam
436 2801 496 2864 apte
518 2790 581 2846 Filii
601 2792 759 2847 natititetem
770 2795 893 2849 enoratiet.
909 2825 946 2836 -

135 2882 201 2941 Non
222 2885 296 2941 enim
311 2900 359 2955 per
371 2884 598 2941 consuetudinem
625 2885 734 2941 irttrnani
760 2895 853 2953 partus
874 2888 945 2943 bens

134 2993 172 3035 ex
186 2972 244 3034 be'o
255 2978 487 3059 pessimumque
507 2994 556 3050 per
571 2980 702 3036 eterneota
717 2981 830 3051 «originis
845 2990 944 3039 sinistra·

134 3084 165 3129 ut
179 3075 265 3129 tiemo
280 3088 314 3128 ex
337 3073 448 3129 bosniae
462 3073 628 3142 propeititor.
648 3075 753 3146 titteqra
769 3075 812 3130 itta
836 3085 864 3130 et
884 3092 945 3146 per-

1003 1848 1141 1919 tigentiam
1152 1865 1182 1906 se
1196 1850 1262 1907 sides
1283 1854 1431 1922 apostoliea
1447 1857 1593 1924 protendit.
1610 1857 1739 1913 Audierat
1752 1856 1806 1913 uti·

1001 1958 1055 2013 qne
1067 1943 1231 2014 tretpieoter,
1250 1945 1301 2014 Qui
1314 1948 1407 2019 recipit
1422 1965 1475 2012 uos,
1491 1965 1531 2003 itte
1544 1951 1637 2018 recipit
1651 1967 1660 2005 .·
1674 1959 1698 2006 et
1711 1952 1755 2023 qui
1766 1969 1807 2009 ate

1002 2039 1102 2107 recipit,
1119 2039 1209 2109 recipit
1225 2055 1283 2094 eunt
1301 2043 1345 2111 qui
1370 2059 1408 2096 nte
1421 2044 1489 2099 arisit
1502 2043 1609 2114 (tietb.
1626 2061 1654 2112 ι,
1668 2046 1725 2117 td).
1740 2047 1805 2104 itis-

1001 2144 1060 2184 sunt
1086 2131 1166 2204 100
1188 2147 1252 2203 ergo
1271 2132 1327 2203 jatn
1344 2149 1398 2189 noo
1422 2137 1583 2206 ignorabat:
1597 2150 1624 2194 οι
1638 2155 1718 2210 quern
1732 2141 1802 2196 rois-

1001 2238 1059 2276 sum
1074 2238 1127 2278 οοο
1140 2225 1288 2294 ignorabat,
1301 2226 1422 2282 audierat
1434 2228 1617 2298 profitentem,
1631 2230 1726 2287 Omnia
1737 2232 1801 2286 inibi

1000 2318 1095 2371 trudito
1107 2328 1167 2372 attat
1178 2336 1193 2372 n
1207 2317 1297 2386 Patre,
1313 2331 1337 2376 et
1351 2337 1424 2375 trente
1437 2323 1507 2376 nouit
1531 2322 1630 2379 Filiam
1643 2324 1695 2380 nisi
1707 2324 1799 2392 Pater,

1000 2427 1079 2482 aeque
1099 2411 1202 2467 Petroni
1226 2415 1283 2484 qnia
1304 2416 1374 2468 norit
1398 2416 1448 2470 nisi
1463 2414 1547 2470 Fidius
1562 2415 1670 2490 (dintttr.
1687 2433 1724 2485 rt,
1739 2416 1799 2491 25).

1001 2504 1070 2572 Quid
1086 2505 1156 2560 istud
1167 2517 1209 2560 est
1222 2506 1293 2576 qnod
1318 2523 1388 2562 tione
1410 2507 1491 2564 Petro
1505 2507 1586 2564 Pater
1598 2512 1710 2575 neseiat,
1727 2511 1798 2582 quod

1000 2596 1085 2653 irteaitse
1099 2597 1277 2654 coritesstoots
1300 2599 1412 2669 gion-iam
1435 2601 1536 2655 sunni?
1560 2601 1693 2674 Numquid
1718 2605 1802 2675 patris
1864 2652 1870 2662 .

999 2705 1097 2746 tiotnen
1110 2702 1136 2747 et
1150 2691 1197 2747 tilii
1214 2692 1370 2747 nesciebat?
1382 2693 1481 2764 Atquin
1494 2693 1650 2766 frequenter
1665 2698 1799 2754 audierat.

998 2782 1051 2838 Sed
1072 2784 1190 2854 loquitur
1211 2784 1282 2855 quod
1297 2785 1416 2841 noodnm
1429 2802 1480 2842 vox
1501 2786 1617 2842 bumana
1639 2789 1798 2859 protuberat,

997 2873 1038 2931 To
1051 2895 1076 2932 es
1087 2875 1205 2933 Gtirirtus
1217 2880 1287 2951 filim
1302 2878 1351 2935 Dei
1364 2882 1422 2936 uiui.
1437 2881 1503 2938 Noto
1526 2886 1633 2939 tametsi
1645 2885 1671 2939 in
1684 2899 1800 2953 eorprore

999 2984 1112 3026 manens
1129 2971 1175 3027 bei
1198 2987 1227 3027 se
1243 2973 1325 3029 titium
1338 2984 1411 3031 esset
1431 2977 1585 3045 professum
1612 2987 1702 3034 taitren
1732 2995 1799 3050 apo·

997 3063 1091 3119 stoiiea
1107 3064 1171 3120 tides
1185 3082 1255 3120 οοοο
1273 3065 1388 3136 primunt
1404 3079 1526 3124 naturam
1551 3070 1577 3125 in
1595 3084 1629 3127 eo
1651 3072 1801 3128 divinitatis

134 3168 209 3224 tecta
222 3175 251 3221 et
265 3167 477 3223 incontaminata
492 3168 618 3223 nativitas
631 3178 682 3234 ost,
698 3168 776 3239 eitius
791 3168 873 3224 aDeo
887 3171 945 3226 exi·
960 3147 982 3210 C
999 3156 1117 3229 ὓιιιθιῑῐ·
1134 3156 1227 3228 Neque
1250 3161 1322 3215 enini
1346 3160 1426 3217 Ρθιιϋ
1443 3172 1545 3219 laniunt
1561 3165 1570 3227 i
1575 3165 1601 3238 ji
1617 3180 1650 3220 01
1671 3164 1797 3221 confesso

134 3261 177 3316 tio
194 3259 285 3330 pitius
305 3275 385 3330 quam
401 3269 494 3330 partos
519 3273 571 3316 est.
587 3262 634 3317 Est
655 3263 726 3316 enirn
748 3278 818 3317 tritos
831 3277 865 3319 ex
879 3277 941 3319 utro.

75 3332 85 3346 ’
133 3352 199 3411 Non
209 3362 253 3409 est
266 3354 362 3423 portio,
379 3368 433 3407 non
447 3362 490 3408 est
503 3353 631 3421 deiectio,
649 3370 702 3409 oon
727 3366 768 3410 est
780 3355 942 3423 denrimttio,

134 3464 194 3504 οοο
219 3448 362 3512 deriuatio,
385 3463 438 3502 tion
463 3448 611 3517 protensio,
626 3464 679 3503 non
696 3449 802 3518 passio;
830 3448 878 3505 sed
902 3449 944 3504 ri·

134 3543 229 3599 ventis
243 3552 391 3597 naturaei
405 3542 513 3597 virente
529 3542 655 3598 nativitas
673 3552 724 3598 est.
740 3542 813 3598 Deus
837 3559 869 3598 ex
887 3543 942 3600 bru

134 3637 235 3693 exiens
249 3644 301 3699 est,
314 3650 368 3689 οοο
380 3643 504 3691 ereatura
517 3636 542 3690 in
557 3635 603 3690 bei
616 3650 713 3691 nornen
727 3635 831 3701 eiecta;
849 3651 903 3690 οοο
916 3645 945 3691 ut

136 3737 214 3784 esset
228 3728 309 3792 οιοριι
323 3742 355 3781 et
368 3727 461 3793 nibiio,
478 3726 525 3782 sed
537 3727 630 3781 exiita
645 3735 771 3782 manente
784 3744 791 3780 s
804 3736 830 3781 et
843 3726 944 3782 exiisse

140 3821 368 3892 significationem
392 3820 472 3876 babet
489 3820 651 3888 nativitatis,
668 3837 720 3875 non
737 3820 818 3875 babet
833 3821 944 3875 ineboa-

139 3915 235 3971 tiottis.
253 3913 310 3967 Non
324 3913 397 3969 enim
413 3912 484 3968 idern
499 3923 541 3969 est
562 3914 740 3970 substantiam
765 3912 799 3987 (t)
812 3915 940 3982 coepisse,

139 4020 166 4063 et
182 4008 266 4063 ιιοιοο
280 4007 383 4065 exiisse
402 4007 437 4063 de
453 4007 519 4063 Deo.
535 4007 569 4063 Et
591 4009 737 4064 natiuitatis
763 4006 842 4076 bajus
864 4020 942 4063 cons·

143 4100 240 4157 dentia
254 4103 316 4159 iieet
330 4116 383 4157 non
404 4100 526 4169 subjecta
551 4100 640 4156 verbis
655 4101 700 4162 sit,
717 4115 778 4154 enin
801 4099 942 4155 inenarra-

145 4191 204 4247 bitts
216 4192 269 4257 sit;
295 4192 374 4249 babet
389 4201 478 4246 tamen
494 4191 522 4246 in
536 4191 658 4246 doctrina
682 4190 741 4246 Fitii
763 4189 826 4246 tidei
841 4190 944 4246 securi-

149 4291 235 4352 tatem,
250 4302 264 4342 ο
281 4286 336 4342 Deo
348 4274 381 4342 se
396 4283 707 4348 manifestantisgextsse.

184 4469 255 4543 (edin
270 4469 317 4525 bis.
333 4472 413 4525 biart.
429 4479 456 4524 et
465 4468 523 4523 bas.
543 4468 614 4534 iat,
626 4479 727 4524 nutrire
738 4467 857 4523 virtutem
869 4483 878 4522 :
892 4467 940 4521 mi·
956 4466 981 4527 D

49 4584 56 4603 ,
157 4555 197 4595 an<
208 4552 278 4611 apte.
294 4541 351 4599 troo
365 4541 465 4613 quippe
487 4540 666 4600 conebrditor.
684 4541 829 4606 apostotos
842 4540 942 4594 virtute

158 4621 224 4683 atpre
237 4614 367 4684 ‹iperibns
380 4611 483 4669 Cbristi
505 4612 636 4666 aitdtretos
657 4611 751 4676 tuisse,
769 4621 796 4664 ot
812 4612 941 4665 iateotetn

161 4682 332 4741 insinuatores
346 4686 445 4739 divinm
457 4683 611 4750 veritatem,
625 4698 706 4754 qoam
722 4684 781 4754 ipse
794 4682 827 4738 iis
843 4682 940 4754 praedi·

161 4753 231 4819 ttbat,
243 4757 396 4812 crederent.

187 4846 218 4916 ii}
235 4847 262 4903 itt
276 4864 329 4903 una
342 4848 435 4904 codiee
458 4846 517 4902 Vat.
534 4856 562 4903 et
576 4847 712 4902 nonnuliis
733 4846 804 4910 aliis,
819 4856 943 4919 potestate

95 4944 104 4989 p
164 4927 267 4990 etnqoe·
279 4922 342 4989 opit,
357 4920 433 4987 piena
446 4918 498 4989 fide
512 4920 680 4988 testificantur
696 4937 702 4972 :
718 4918 845 4974 torenton
862 4920 940 4973 tectio

163 4997 182 5040 et
196 4991 368 5063 interpotata,
384 5006 463 5061 qoam
481 4990 545 5045 bad.
571 5000 598 5046 et
624 4991 669 5045 Er.
693 5006 726 5046 es
752 4998 829 5060 parte
856 4989 941 5045 seenti

131 5076 136 5089 '
163 5070 218 5116 tant.

187 5131 216 5206 (c)
234 5133 308 5207 Lips.
334 5142 361 5189 et
376 5132 450 5199 Par„
465 5133 664 5202 confirmentur.
677 5131 788 5189 Rectius
800 5132 877 5194 Bad..
891 5132 938 5187 Er.

162 5210 252 5262 eines.
276 5205 465 5276 confirmetur,
490 5206 524 5259 ab
548 5206 679 5276 apostolis
704 5205 830 5262 uidelicet
853 5209 939 5275 ipsum

162 5269 240 5332 dirim
253 5278 440 5332 testimoninm
456 5276 526 5348 qood
540 5291 555 5331 a
569 5278 623 5332 beo
637 5277 745 5333 exierit.

160 5448 172 5487 Ι
186 5365 219 5452 (di
237 5371 299 5454 i’ar.
312 5385 374 5424 etttn
388 5369 498 5440 antiquo
513 5382 563 5424 tns.
579 5367 656 5425 Coto.
671 5379 698 5424 et
710 5368 802 5425 Germ.
816 5369 940 5423 rationem

173 5450 268 5496 intutis.

185 5530 214 5597 (ei
233 5531 347 5600 Quidam
376 5546 442 5588 mss.
469 5545 537 5602 qnos
563 5532 651 5587 nnious
683 5533 804 5587 sinceros
835 5531 941 5602 experti

156 5610 252 5669 tumim,
277 5619 338 5659 enin
366 5603 432 5658 Bad.
457 5614 484 5656 et
508 5602 568 5668 Er„
593 5620 660 5657 arone
675 5610 786 5670 pristiam
811 5616 940 5671 cupierunt

152 5672 281 5801 mxc,
307 5692 367 5730 rom
387 5675 462 5729 itiam
482 5675 537 5729 sine
551 5676 689 5745 praesidiis
711 5675 864 5745 profitentur
885 5691 940 5730 esse

254 5772 262 5802 ι

998 3250 1101 3305 bonore
1116 3251 1174 3306 taus
1192 3251 1297 3306 reddita
1320 3261 1371 3320 est,
1387 3255 1433 3309 sed
1450 3271 1481 3311 ex
1497 3257 1635 3327 agnitione
1655 3258 1799 3330 mysterii:

995 3341 1125 3415 quianon
1141 3344 1275 3401 Cbristton
1291 3347 1398 3415 seium,
1424 3351 1470 3404 sed
1484 3348 1622 3406 Cbristutn
1648 3353 1693 3407 Dei
1716 3354 1797 3409 titium

995 3449 1056 3492 esse
1067 3437 1209 3494 eotriessus
1219 3447 1270 3494 est.
1285 3438 1351 3494 Naro
1368 3444 1459 3512 otique
1472 3442 1504 3497 ad
1526 3445 1725 3501 cutitessionem
1744 3445 1796 3499 bo·

997 3529 1071 3585 oons
1084 3530 1229 3587 suffecerat
1244 3533 1361 3589 dixisse:
1377 3532 1418 3588 To
1440 3551 1467 3590 ea
1492 3535 1619 3593 tibristua.
1638 3538 1691 3595 Sed
1717 3539 1798 3594 inane

996 3621 1092 3685 iuerat,
1109 3621 1247 3679 Cbtistutn
1262 3625 1295 3679 ab
1309 3641 1342 3680 eo
1355 3626 1508 3682 eortiessnnt
1526 3631 1621 3698 inisse,
1636 3631 1687 3686 nisi
1704 3631 1751 3686 bei
1762 3631 1795 3686 tt·

995 3713 1060 3769 liuto
1074 3714 1260 3772 eortbteretnr.
1276 3717 1305 3773 ln
1319 3733 1351 3774 eo
1371 3721 1442 3775 enim
1458 3721 1529 3790 quod
1544 3721 1591 3785 ait,
1611 3721 1648 3776 Ta
1661 3740 1698 3788 es,
1714 3726 1798 3779 virtu·

995 3817 1049 3865 tetn
1063 3818 1091 3865 et
1111 3811 1303 3880 proprietatem
1328 3816 1458 3871 naturalis
1473 3817 1594 3871 veritatis
1607 3819 1745 3886 erptieoit.
1764 3817 1799 3872 Et

995 3901 1076 3956 Pater
1094 3902 1220 3968 dicendo,
1238 3903 1290 3959 Hie
1318 3914 1355 3959 est
1368 3907 1439 3976 fitius
1454 3923 1524 3961 naeus
1546 3905 1652 3981 (Mettis.
1668 3923 1733 3974 arn,
1756 3909 1797 3978 5),

995 3992 1075 4049 Petro
1098 3996 1229 4050 revetavit
1248 4006 1275 4051 ut
1297 3997 1410 4062 diceret,
1427 3997 1465 4051 To
1480 4013 1506 4053 ea
1520 3999 1590 4069 titios
1611 3996 1753 4069 Deirqnia
1771 4002 1796 4055 in

994 4100 1028 4140 eo
1042 4086 1113 4155 qnod
1126 4086 1235 4154 dicitnr,
1255 4085 1305 4142 iiie
1318 4097 1364 4151 est,
1383 4089 1527 4145 revelantis
1541 4090 1670 4146 indii-inni
1690 4100 1749 4158 est;
1768 4092 1794 4146 in

995 4195 1028 4234 en
1041 4194 1107 4235 vero
1126 4182 1199 4251 qood
1213 4182 1405 4253 respondetur,
1420 4182 1459 4239 To
1474 4201 1510 4252 es,
1525 4186 1681 4242 confitentis
1696 4186 1797 4256 agnitio

995 4274 1149 4347 estsuper
1169 4276 1238 4331 bana
1260 4276 1340 4347 igitur
1355 4275 1534 4335 tuiriessionis
1549 4289 1653 4348 patrant
1669 4277 1798 4335 uectem

1030 4461 1065 4536 (f)
1086 4463 1149 4519 diss.
1175 4462 1235 4515 Vat.
1252 4461 1308 4516 bas.
1333 4468 1362 4516 et
1384 4460 1474 4526 storo,
1499 4461 1605 4533 eoepr'sae
1627 4477 1661 4517 es
1682 4459 1799 4520 Deo:et

995 4551 1068 4600 mox,
1083 4538 1111 4590 ia
1126 4534 1244 4588 doctrine
1260 4533 1310 4603 ptit
1324 4530 1372 4587 Dei
1388 4532 1459 4603 fidei,
1475 4542 1526 4587 ute.

1030 4608 1068 4734 (fi
1088 4609 1171 4663 Abest
1195 4608 1221 4659 itt
1236 4622 1250 4659 a
1267 4620 1331 4659 utss.
1359 4606 1416 4659 bas.
1433 4603 1493 4659 Vat.
1518 4603 1584 4660 Vide
1599 4605 1647 4662 lib.
1663 4620 1690 4672 ι,
1718 4621 1746 4661 ο.
1762 4607 1797 4662 tb

995 4686 1023 4734 et
1054 4679 1080 4734 i.

1030 4750 1070 4821 (ιιι
1091 4746 1160 4802 Editi
1174 4754 1288 4815 excepto
1310 4746 1371 4801 Par.
1386 4757 1413 4802 et
1431 4746 1553 4801 nonnntti
1575 4745 1732 4802 recentioris
1746 4748 1795 4803 tevi

994 4836 1061 4876 mss.
1077 4819 1178 4892 publico
1198 4819 1314 4871 scientio.
1333 4818 1429 4873 i'erios
1447 4818 1492 4872 alii
1516 4817 1588 4883 iibri,
1604 4817 1706 4885 pebiico
1734 4833 1794 4872 coit·

993 4894 1109 4957 scientio,
1125 4889 1150 4944 id
1166 4897 1216 4953 est,
1228 4891 1304 4956 eujus
1318 4890 1399 4944 otiam
1414 4888 1510 4957 vulgos
1521 4892 1718 4943 eonseiomest.
1737 4891 1791 4955 διο,

994 4961 1042 5017 tib.
1062 4979 1080 5017 tt
1106 4962 1138 5016 ad
1160 4960 1316 5024 Constant,
1343 4977 1369 5012 n.
1388 4959 1430 5021 10,
1455 4967 1531 5028 sopit
1554 4959 1671 5014 titianus
1695 4970 1723 5014 nt
1743 4963 1794 5017 sibi

993 5034 1071 5089 liceat
1085 5033 1119 5089 de
1133 5031 1185 5085 iide
1200 5032 1334 5086 disserere
1344 5031 1390 5084 rub
1404 5031 1505 5098 pnidicn
1516 5031 1672 5086 cottscirrttt‘tt
1684 5047 1694 5086 .·
1707 5042 1734 5088 et
1744 5034 1791 5087 tib.

992 5115 1086 5160 aetitia
1100 5105 1298 5160 consistentiam.
1323 5117 1351 5155 n.
1366 5102 1394 5167 2,
1409 5110 1529 5163 ‚rennuunt
1551 5102 1671 5157 baretiei
1700 5105 1725 5159 in
1749 5103 1794 5158 Bi-

993 5177 1110 5233 terrensi
1125 5175 1240 5237 consitio
1252 5172 1346 5228 andire
1363 5174 1398 5229 ab
1412 5173 1470 5242 ipso
1485 5174 1597 5243 ingesta,
1612 5177 1729 5230 tintenias
1741 5193 1792 5247 pu-

993 5246 1248 5304 biieecanseientioe.
1509 5264 1514 5271 ·

1029 5322 1062 5388 (i)
1085 5322 1112 5375 tn
1136 5319 1229 5372 cortice
1255 5316 1389 5371 Vaticana,
1413 5316 1544 5381 basilicae,
1570 5316 1696 5388 deterens,
1721 5319 1792 5387 quod

994 5393 1108 5461 primam
1122 5390 1258 5443 arridebat
1274 5405 1280 5442 ε
1295 5387 1342 5443 sed
1359 5388 1424 5443 nibii
1436 5396 1478 5441 est
1492 5403 1540 5442 cor
1552 5390 1586 5442 ab
1602 5388 1716 5443 alioruin
1731 5404 1794 5445 eriti-

992 5477 1073 5517 sensu
1088 5461 1268 5516 discedamus.
1293 5459 1384 5530 Longo
1407 5459 1495 5514 tnirtos
1516 5461 1604 5528 piacet
1622 5468 1714 5529 postea
1730 5476 1791 5516 attin

992 5532 1087 5589 sedern
1109 5549 1158 5588 ms.
1180 5534 1249 5600 qood
1270 5542 1305 5586 ert
1318 5531 1498 5585 incontinens.
1512 5530 1597 5584 Porro
1611 5546 1703 5585 οοοοιο
1721 5531 1793 5589 i'ib'o

992 5607 1018 5659 io
1033 5605 1112 5660 tertio
1122 5616 1197 5668 eastt,
1210 5616 1242 5656 ne
1255 5605 1405 5670 prtrxitnonr
1418 5601 1529 5655 setirtnn
1541 5601 1665 5675 deferenti
1676 5603 1701 5656 io
1713 5614 1792 5660 sexto

992 5676 1177 5745 intelligimus,
1190 5675 1278 5743 quasi,
1294 5675 1321 5727 in
1338 5672 1414 5727 Petro
1428 5689 1487 5726 cam
1501 5674 1580 5745 desert
1596 5672 1676 5730 i't'it'o.

1028 5748 1067 5818 ti)
1087 5746 1231 5816 Exemplar
1244 5745 1334 5814 biarts,
1345 5760 1377 5799 ea
1388 5744 1639 5815 compermanebenor
1649 5756 1673 5801 et
1683 5745 1749 5802 dont.
