3884 6136
158 264 194 327 95
761 267 883 326 suncti
903 266 1031 328 ulutatu
1051 269 1203 331 utlscutt
1779 281 1813 341 tt

58 435 71 449 ,
160 379 349 453 imprudentiae
363 393 458 447 sensu,
475 380 524 438 sed
539 387 642 438 naturae
657 390 758 438 nostrat
771 383 936 439 coriscientia
953 384 999 451 :A

161 483 190 531 ut
203 475 274 548 qnod
290 476 464 549 cogitationis
479 485 595 533 terrenae
614 476 684 533 ratio
705 492 759 534 non
782 478 910 550 concipit,
934 477 960 534 ld

161 569 240 625 nobis
262 585 370 626 rursum
393 571 462 627 ratio
483 570 582 625 divina
606 571 713 626 virtutis
741 569 868 628 insinuet.
891 571 978 633 Cutn,

161 662 234 720 enirn
250 664 385 734 recognita
400 663 524 719 stultitiae
546 674 646 720 suestra
667 663 853 737 intelligentia,
876 665 961 737 impe·

161 756 251 813 titiam
264 757 395 813 naturalis
418 757 445 813 in
470 757 547 814 nobis
571 757 761 826 imprudentia.
783 760 960 829 senserimus,

162 856 220 903 tum
236 863 284 918 per
296 847 396 902 diuinae
412 847 553 918 sapientiae
564 849 733 921 prudentiam
748 849 780 906 ad
798 850 845 906 liei
859 852 962 922 sapien·

161 940 226 995 tiana
253 941 406 997 imbuemur
430 960 437 996 ε
460 957 521 997 curn
544 944 604 999 sinc
627 942 707 998 modo
729 944 841 999 uirtutes
861 944 909 1000 Ilei
931 960 962 1001 ae

163 1043 324 1106 potestatem
348 1036 502 1103 metiamur,
527 1051 587 1091 cnm
612 1045 716 1091 naturae
741 1036 884 1092 Dominam
907 1053 961 1094 non

163 1125 233 1182 intra
259 1128 396 1183 naturales
420 1128 493 1199 leges
516 1129 700 1197 cohibeamus,
725 1145 787 1186 cum
808 1131 860 1186 lroc
874 1132 961 1188 solum

84 1211 89 1223 ’
162 1216 197 1275 de
213 1218 269 1276 Deo
282 1219 352 1276 laerte
371 1220 446 1277 credi
469 1221 659 1292 intelligamus,
677 1223 709 1277 ad
723 1224 795 1294 quod
809 1225 843 1281 de
861 1240 891 1280 se
904 1239 964 1281 crc-

162 1310 280 1367 deodum
304 1312 363 1385 ipse
384 1313 434 1369 sibi
458 1313 599 1371 nobiseum
624 1323 651 1370 et
667 1315 744 1373 testis
762 1326 789 1373 et
808 1324 963 1374 auctores·

162 1405 250 1462 sistat.

338 1543 465 1617 ωηο
483 1542 587 1601 utura
600 1544 774 1612 uuanrus

164 1685 355 1744 Catholicarum
368 1690 559 1760 simplicitatem
580 1692 702 1747 aduersus
715 1693 871 1748 Asianorum
892 1703 964 1749 astus

199 1783 301 1837 muttire
327 1784 484 1855 aggreditur.
515 1783 580 1839 sam
604 1785 635 1839 ab
661 1803 716 1839 reru
737 1802 794 1856 quoe
814 1787 918 1841 illasunt
934 1784 1003 1843 cels

200 1874 301 1931 Citriste
316 1877 349 1931 sit
373 1879 498 1932 sententio
519 1878 633 1951 exponit.
651 1877 719 1933 Tune
737 1878 963 1951 descedit-Filium

201 1969 278 2024 Patri
291 1970 451 2028 ltomuusion
464 1989 494 2027 ac
504 1987 610 2043 semper
625 1971 716 2036 luisse,
730 1983 754 2028 et
772 1990 788 2028 a
805 1974 891 2044 prauis
904 1989 965 2028 sen·

200 2066 282 2131 sibus,
300 2066 393 2138 quibus
408 2065 566 2121 necessarias
581 2064 640 2120 illas
654 2081 726 2121 uoces
736 2068 896 2136 supprimere
909 2076 965 2121 ten·

201 2168 273 2223 tarot,
299 2155 444 2212 Ecclesiam
465 2157 603 2212 abhorrere
626 2157 750 2213 declarat.
767 2158 861 2214 Ailalis
875 2158 967 2214 dende

132 2276 136 2281 ·
202 2251 282 2305 uariis
297 2248 443 2321 Scriptum
456 2250 618 2317 testimoniis,
629 2249 722 2320 quibus
733 2249 830 2306 Filium
840 2268 857 2305 s
867 2262 968 2306 naturae

202 2344 967 2414 dieineepossessioneexclusumesseueteraterieinsinuant,

202 2441 328 2506 ittteqrant
352 2434 452 2490 celtiber
475 2436 536 2505 fidei
561 2437 764 2509 professionem,
791 2454 867 2509 quam
892 2438 968 2494 Arius

203 2530 363 2585 Alexandria
378 2531 468 2598 pulsus
481 2528 577 2600 aliique
591 2530 672 2603 ipsias
687 2532 804 2601 patlibus
820 2531 917 2586 addicti
935 2531 969 2584 ad

203 2623 382 2679 Alexandrum
394 2624 532 2678 antistitem
544 2621 771 2696 miserorumque
783 2623 902 2692 deinceps
912 2625 967 2691 pri-

202 2734 271 2772 matu
285 2727 394 2789 partem,
410 2718 451 2772 bis
463 2720 575 2773 maxime
585 2719 671 2773 tticum
685 2720 775 2784 uerbis,
788 2719 857 2775 Audi
873 2718 967 2787 lsrael,

203 2811 335 2867 Dominus
361 2810 430 2866 Deus
445 2818 507 2866 tuus
536 2826 604 2867 unos
619 2821 681 2881 est,
711 2814 785 2882 quasi
802 2814 923 2868 nimirum
936 2814 969 2867 iis

206 2903 309 2976 Mogses
334 2902 417 2959 Dratnt
443 2920 493 2958 non
518 2905 593 2958 stede
614 2913 730 2974 notura,
758 2907 802 2961 sed
821 2917 843 2961 et
859 2924 969 2977 persona

205 3013 286 3053 unum
301 2997 467 3069 praedicarit,
491 2996 578 3050 rttultis
599 3002 718 3070 repascat:
742 3000 899 3068 ostenditque
914 3013 968 3055 tam

207 3107 238 3146 ea
248 3090 375 3145 creatione
388 3088 489 3154 ntundi,
502 3099 554 3142 turn
565 3105 596 3143 ea
606 3089 722 3159 pluribus
729 3091 788 3145 uisis
797 3091 873 3160 lactis
885 3093 967 3165 Aper,

209 3182 328 3243 Abraltae,
342 3180 423 3235 tacet
438 3191 461 3234 et
476 3179 502 3234 n
507 3183 572 3252 apsi,
584 3189 638 3236 tum
649 3183 725 3236 etiam
738 3200 769 3238 ea
782 3182 970 3256 Prophetarum
983 3163 1005 3225 C

209 3277 377 3343 testimoniis,
404 3291 434 3329 ac
457 3277 609 3330 rterrtinatt'm
630 3276 714 3348 Mopsi
728 3319 735 3343 ,
751 3277 951 3349 Psulmeqraplti
961 3323 968 3348 ,

209 3370 294 3435 Osca,
309 3367 397 3424 Esaiae
409 3385 439 3422 ac
454 3367 576 3435 Raruelt,
593 3370 644 3424 siue
661 3379 688 3423 ut
714 3380 807 3435 nectit,
830 3369 970 3438 decentio»,

208 3461 291 3516 llettttt
306 3462 353 3515 etsi
366 3471 461 3516 natura
477 3477 565 3526 tttrunt,
579 3479 630 3516 nan
646 3472 731 3517 tarrten
746 3479 800 3517 esse
814 3463 969 3527 solitarium,

209 3553 254 3608 sed
269 3552 350 3622 filium
375 3551 477 3617 babere,
492 3552 536 3623 qui
549 3569 606 3607 cunt
619 3553 676 3626 ipse
689 3554 829 3608 diuinitatis
844 3564 867 3610 rt
882 3571 973 3609 ttattten

210 3647 321 3702 obtineat
331 3656 355 3700 et
369 3656 499 3701 naturam.

175 3741 213 3797 De
228 3742 292 3796 visis
309 3742 334 3795 itt
348 3756 382 3796 eo
395 3738 652 3811 expositisquaedam
666 3739 845 3796 obseruanda.
855 3771 892 3781 -
908 3739 975 3807 Qtrio

210 3850 270 3889 aera
286 3834 364 3906 ltujus
379 3849 410 3886 ac
423 3833 598 3902 subsequentis
612 3832 670 3886 libri
691 3842 841 3904 arqunrenta
858 3833 977 3904 pleraque

211 3927 330 3981 nituntur
352 3926 412 3980 uisis
442 3925 668 3998 patriarchatuum
694 3941 779 3996 operae
803 3927 912 3997 pretium
939 3936 977 3980 est

212 4018 337 4073 nonnulla
348 4018 380 4072 de
391 4018 423 4071 iis
438 4018 552 4090 pra‘q'ari.
568 4017 695 4073 Cartstaus
708 4019 780 4088 opud
800 4026 894 4073 ueteres
909 4019 978 4074 uide-

214 4121 256 4166 tur
272 4111 368 4182 opinio,
387 4109 485 4166 Filium
501 4113 532 4167 ab
547 4111 620 4166 initia
643 4111 732 4166 ntartds'
754 4113 833 4168 uariis
847 4128 874 4167 se
895 4113 979 4168 modis

214 4204 358 4258 bominibus
375 4205 538 4274 spectabilem
562 4203 710 4274 prebuisse.
742 4205 796 4260 liec
817 4207 911 4260 diserte
929 4207 978 4260 do·

214 4306 270 4349 rent
293 4294 413 4349 lustinus
425 4312 534 4366 martyr,
555 4295 680 4361 Irerroeus,
699 4296 833 4367 Origenes,
849 4297 980 4368 Tacaplri-

215 4391 255 4444 lus
271 4388 404 4454 Antieelr„
418 4387 535 4442 Clemens
559 4387 712 4448 Alexandr..
726 4387 913 4453 Tertullianus,
929 4386 980 4460 Cp-

199 4482 334 4552 'prirmus,
357 4479 448 4534 l'atres
469 4478 622 4534 Antieciteni
635 4479 736 4534 certcilii
756 4489 845 4534 cetttra
866 4478 978 4535 Paulum

217 4575 361 4637 Sustineant,
372 4584 398 4626 ut
408 4574 540 4627 mittantur
550 4571 705 4626 Faustinum
717 4570 909 4643 Presbyterum,
917 4573 978 4627 Am·
991 4547 1018 4609 Ῑ)

216 4666 339 4732 brosiam,
355 4663 483 4730 deessem,
507 4666 620 4733 aliosque
643 4665 779 4736 plurimos.
797 4663 849 4720 Sed
864 4681 896 4719 ne
906 4665 937 4719 ab
947 4666 979 4719 iis

216 4760 319 4832 quidem
331 4761 378 4813 ltec
393 4768 510 4831 rthatunt
522 4769 570 4824 est,
583 4760 626 4827 qui
641 4759 701 4813 Arie
712 4758 840 4828 [avebant.
858 4758 978 4829 idipsum

217 4852 311 4923 passim
327 4853 451 4922 predicat
466 4851 592 4906 Ertsebins
603 4853 630 4906 ia
654 4851 698 4906 lib.
716 4850 790 4908 Dent.
806 4851 868 4919 Eu,
884 4861 907 4908 et
921 4852 979 4908 Sir·

217 4949 312 5001 ruiense
335 4945 472 5000 certeiliutn
494 4955 584 5000 centra
599 4943 739 5000 Plautinum
754 4961 798 5000 ees
819 4945 982 5002 anathemate

218 5041 323 5094 donauit
334 5041 377 5110 qui
390 5041 465 5095 aliter
477 5040 612 5094 senserint.

184 5130 237 5185 Sed
250 5147 306 5184 crint
318 5132 344 5185 in
355 5132 403 5184 ltac
414 5131 532 5184 doctrina
544 5129 661 5202 fraudem
676 5130 759 5185 nralt'ti
772 5131 824 5185 sint
843 5130 943 5196 Ariani,
954 5140 982 5185 ut

220 5222 329 5288 Filium,
345 5224 390 5292 qui
410 5222 518 5277 risibilis
538 5238 569 5274 ec
582 5224 651 5274 aistis
667 5223 712 5287 sil,
728 5240 744 5275 a
762 5220 840 5276 Patre
861 5222 983 5278 invisibili

220 5328 313 5371 natrrra
338 5316 487 5370 alissitttilem
511 5313 696 5383 predicarem·
721 5316 772 5369 alte
796 5314 980 5381 retinendum,

220 5422 323 5464 sanctes
346 5409 439 5464 Patres
452 5409 489 5462 ila
503 5405 587 5461 Deum
610 5407 690 5461 uisum
715 5410 864 5476 asseruisse,
880 5419 906 5463 ut
925 5426 982 5465 curu

221 5502 364 5574 Auqustine
375 5503 421 5558 lib.
436 5518 454 5556 rt
469 5511 559 5556 satura
569 5499 752 5566 Alasitninsrm,
772 5519 829 5574 cap.
841 5501 889 5568 26,
898 5519 924 5557 n.
937 5503 983 5571 li,

221 5599 363 5664 senserint,
378 5597 545 5652 divinitatem
559 5612 612 5651 tren
635 5611 683 5667 per
696 5596 873 5652 sttbstanliam
894 5612 981 5665 suant,

224 5690 251 5743 in
280 5703 333 5759 qus
362 5689 503 5745 istrisiltilis
536 5696 564 5743 et
591 5688 765 5742 immutabilis
776 5697 837 5753 est,
862 5687 910 5743 sed
935 5702 985 5760 per

223 5792 374 5837 creattnant
388 5781 438 5836 sibi
455 5781 604 5849 sarlijectam
626 5779 779 5836 mortalium
803 5779 889 5837 oculis
903 5793 985 5851 appe·

1049 387 1137 443 ruisse
1151 403 1211 443 cnm
1223 389 1316 445 voluit.
1328 390 1365 444 Ac
1376 407 1408 445 nc
1418 391 1553 463 pereqrina
1568 393 1616 449 buc
1625 393 1812 461 adsciscamus,

1048 477 1164 550 locuples
1185 480 1262 551 buius
1277 482 1314 536 ret'
1328 483 1399 538 testis
1418 493 1456 539 est
1471 483 1602 550 Hilarius,
1615 487 1660 541 lib.
1676 504 1724 554 xtr,
1739 505 1766 544 a.
1777 488 1813 544 65

1048 579 1073 624 et
1086 569 1133 626 ts.
1150 568 1241 640 Certo,
1262 573 1355 640 inquit,
1369 575 1415 645 qui
1431 582 1494 631 aitte
1509 576 1633 647 angelus,
1649 581 1813 637 uttttcetiam

1049 662 1131 720 horne
1144 674 1184 719 est
1208 681 1262 722 :uc
1277 669 1429 724 naturalem
1453 669 1522 724 itanc
1537 684 1599 727 esse
1618 671 1667 727 lici
1694 673 1813 744 speciem

1050 756 1194 814 diuersitas
1209 759 1289 826 letojus
1310 760 1395 830 ipsius
1410 772 1555 831 assunrptn
1577 765 1724 821 creationis
1740 780 1816 838 pate·

1050 858 1125 904 retur
1139 849 1263 921 intelligi.
1281 852 1363 908 Adest
1376 863 1465 907 atttent
1488 855 1571 911 Jacob
1586 856 1665 912 etiam
1680 875 1765 930 usquc
1780 860 1816 915 ad

1051 945 1130 1001 luctae
1143 946 1315 1018 complexum
1339 949 1366 1003 in
1393 947 1484 1005 ltabittt
1501 950 1655 1005 hunuano...
1671 953 1724 1007 Sed
1743 954 1814 1010 idern

1050 1047 1143 1107 postca
1158 1045 1184 1093 el
1204 1038 1290 1111 lloysi
1306 1055 1366 1095 esse
1388 1041 1457 1111 iguis
1472 1042 1625 1098 ostenditur
1642 1063 1648 1097 :
1664 1055 1695 1100 ut
1709 1057 1815 1102 naturae

1051 1139 1151 1185 creatae
1166 1139 1221 1185 lunt
1236 1132 1325 1202 petius
1340 1131 1372 1187 ad
1388 1134 1526 1202 speciem,
1545 1152 1625 1205 quant
1642 1138 1675 1192 ad
1690 1139 1817 1196 substan·

1051 1223 1116 1279 tiam
1138 1233 1261 1291 natura,
1290 1225 1370 1281 lidem
1397 1226 1529 1284 disceres.
1555 1232 1635 1285 Acrrte
1655 1232 1817 1305 Aaqastinas

1050 1319 1125 1386 epist.
1143 1317 1209 1371 alias
1220 1335 1285 1381 ctu,
1296 1336 1364 1374 nttne
1375 1335 1477 1388 carust,
1490 1338 1560 1375 nrrnt.
1571 1322 1618 1389 20,
1633 1325 1659 1378 in
1671 1325 1718 1379 illa
1730 1326 1818 1399 Alepsi

1051 1409 1136 1475 uerba,
1151 1410 1178 1465 Si
1193 1410 1281 1466 inverti
1300 1411 1414 1482 gratiam
1430 1422 1492 1468 ante
1510 1425 1546 1479 te,
1562 1414 1674 1471 ostende
1688 1417 1753 1473 milti
1778 1431 1817 1475 te·

1052 1502 1207 1572 metipsum.
1229 1501 1298 1571 Quid
1312 1518 1396 1575 crgo,
1413 1504 1517 1575 inquit?
1535 1504 1583 1561 llle
1597 1523 1649 1561 nou
1664 1517 1722 1562 erat
1737 1509 1818 1580 ipsel

1051 1597 1078 1654 Si
1095 1614 1150 1671 non¹
1162 1608 1235 1655 esset
1250 1600 1318 1668 ipse,
1333 1615 1386 1653 non
1402 1599 1427 1654 ri
1442 1600 1554 1667 eliceret,
1569 1602 1684 1659 oslcnde
1699 1603 1766 1659 milti
1779 1614 1818 1659 te⁴

1052 1692 1216 1763 metipsum,
1240 1693 1298 1757 scd,
1313 1692 1426 1749 ostende
1442 1694 1525 1748 ilottrn
1542 1712 1548 1749 :
1566 1707 1592 1751 et
1616 1706 1705 1752 tamen
1719 1699 1742 1753 si
1758 1698 1818 1768 ejtts

1052 1793 1176 1839 naturam
1190 1785 1422 1856 substantiamque
1433 1788 1611 1857 conspiceret,
1628 1789 1714 1844 multo
1728 1791 1818 1848 atinus

1052 1874 1165 1940 diceret,
1187 1877 1301 1932 ostende
1320 1877 1385 1932 milti
1402 1879 1584 1949 temetipsum.
1600 1879 1660 1950 lpse
1674 1898 1738 1953 orgo
1759 1893 1819 1940 crat

1052 1969 1079 2024 in
1089 1983 1121 2024 ea
1130 1970 1289 2040 specie,qua
1299 1985 1429 2040 apparere
1440 1971 1562 2028 soluerat
1575 1991 1580 2026 :
1594 1989 1646 2029 tren
1656 1985 1745 2031 antem
1760 1976 1818 2048 ipse

1054 2063 1202 2134 apparebat
1217 2064 1244 2118 itt
1258 2072 1352 2119 natura
1366 2066 1492 2135 propria,
1509 2081 1588 2135 quarn
1604 2066 1711 2139 llopses
1724 2069 1818 2126 ridere

1054 2155 1188 2226 cupiebat.

1021 2251 1052 2308 st
1066 2269 1098 2308 es
1112 2252 1239 2323 proximis
1251 2250 1396 2319 Scripturse
1408 2250 1490 2307 uerbis
1503 2253 1586 2322 ipsum
1603 2253 1685 2308 Deum
1700 2254 1756 2308 adl
1759 2272 1820 2327 epse

1054 2346 1136 2400 uisum
1151 2343 1310 2416 Augustinus
1330 2353 1398 2398 recte
1413 2345 1544 2410 asseruit,·
1567 2346 1625 2418 pari
1644 2347 1743 2400 ratione
1757 2364 1819 2403 cen-

1055 2437 1196 2492 cedendum
1221 2447 1257 2491 est
1276 2438 1362 2502 ipsum
1384 2435 1467 2491 Druna
1487 2438 1568 2492 eidem
1596 2436 1682 2510 Mopsi
1701 2440 1729 2494 in
1755 2443 1820 2495 rttbe

1055 2531 1170 2585 diriore:
1185 2529 1242 2600 Ege
1257 2544 1317 2583 sunt
1339 2530 1409 2586 licus
1424 2530 1579 2594 Abrabam,
1605 2540 1666 2597 etc,
1682 2547 1820 2604 aerumque

1056 2624 1140 2679 Drutn
1153 2623 1225 2695 Aput·
1235 2624 1375 2678 allocutam
1390 2641 1454 2690 esse,
1468 2625 1510 2679 cai
1524 2625 1642 2680 clamauit
1658 2626 1719 2681 :Tu
1734 2627 1818 2694 Deus,

1055 2715 1100 2786 qui
1111 2715 1256 2781 adspexisti
1275 2732 1325 2770 rtte.
1338 2714 1429 2785 Neque
1443 2717 1575 2771 lta'cetiam
1588 2727 1681 2789 neqant
1689 2718 1709 2772 ii
1716 2717 1819 2786 Patres,

1054 2809 1135 2880 quiin
1150 2809 1210 2863 uisis
1224 2808 1277 2862 illis
1290 2824 1360 2862 neres
1373 2809 1483 2878 Anqelas
1499 2808 1628 2864 adstitisse
1643 2810 1818 2866 arbitrantur.

1057 2899 1119 2954 Non
1134 2901 1202 2954 enirn
1223 2900 1372 2954 existimant
1391 2903 1495 2971 anqeles
1519 2901 1578 2956 ilias
1602 2900 1650 2956 Dei
1672 2919 1702 2955 ac
1717 2903 1821 2957 Darnini

1056 3010 1148 3047 uenten
1161 2993 1211 3048 sibi
1224 2993 1381 3059 attribuisse,
1396 2993 1457 3062 quie
1472 3004 1499 3049 at
1513 2995 1589 3067 leqeti
1603 2994 1650 3049 Dei
1669 3012 1699 3050 ac
1715 2993 1822 3050 Deretini

1056 3088 1159 3141 nemine
1173 3086 1360 3156 leqrtebantur,·
1374 3089 1430 3157 quis
1444 3088 1510 3141 enisu
1531 3088 1630 3156 leqatus
1643 3089 1722 3159 repis,
1739 3089 1821 3160 inape·

1057 3181 1162 3244 raseris,
1177 3189 1222 3233 aut
1236 3180 1364 3250 principis
1377 3178 1424 3233 sibi
1436 3192 1537 3251 arreqet
1550 3198 1657 3241 nentcn,
1673 3182 1747 3254 crtjas
1762 3199 1819 3253 per·

1057 3287 1146 3325 sartam
1157 3272 1336 3341 repraesentatl
1346 3270 1390 3325 sed
1403 3272 1460 3326 ideo
1467 3274 1639 3343 petius,qned
1654 3272 1720 3327 Deras
1731 3273 1822 3343 ipsein

1058 3363 1112 3419 illis
1125 3362 1406 3437 loquebatur.71Hec
1420 3365 1511 3420 diserte
1525 3364 1759 3419 docetrltltanasins
1775 3364 1822 3420 (ir.

1060 3470 1086 3510 tv
1097 3466 1166 3510 cent.
1178 3455 1281 3522 Ariete,
1294 3473 1353 3528 paq.
1366 3455 1439 3511 lat:
1456 3455 1480 3511 ls
1492 3458 1613 3528 quidem,
1629 3459 1673 3529 ‹prti
1690 3458 1824 3513 sentieba-

1062 3558 1104 3605 tur
1119 3549 1214 3614 ocrtlis,
1231 3549 1343 3620 angelus
1354 3560 1423 3615 erat,
1435 3548 1482 3605 sed
1500 3550 1606 3606 lleusin
1620 3552 1715 3622 angelo
1729 3550 1824 3620 loqrte·

1060 3641 1150 3697 batrtr.
1161 3640 1227 3695 Nam
1239 3639 1466 3710 quemadmodum
1477 3640 1504 3696 in
1517 3644 1642 3698 columna
1655 3643 1733 3698 nuliis
1743 3643 1825 3697 acrba

1061 3733 1095 3788 ad
1112 3732 1223 3806 lloysen
1237 3734 1262 3788 in
1278 3733 1452 3789 tabernaculo
1469 3732 1583 3789 lacieltat
1599 3778 1604 3800 ,
1621 3737 1656 3788 ita
1672 3750 1778 3806 aperique
1798 3735 1824 3789 in

1062 3831 1165 3901 angelis
1180 3830 1328 3901 apparebat
1343 3832 1456 3901 loqueos
1475 3831 1557 3887 Deus.
1584 3829 1625 3883 lte
1651 3840 1674 3884 et
1696 3829 1826 3900 Hieronp-

1063 3941 1130 3988 rnus,
1145 3941 1204 3994 cap.
1225 3940 1273 3989 ur,
1295 3925 1329 3978 ud
1343 3924 1402 3980 Gal.
1420 3943 1427 3979 ε
1441 3924 1516 3992 Quod
1532 3933 1633 3989 aulcttt,
1649 3924 1695 3988 ait,
1713 3922 1766 3978 Lex
1783 3939 1826 3975 or·

1064 4017 1156 4072 dinata
1183 4032 1229 4086 pcr
1249 4018 1378 4087 Angelos,
1395 4016 1446 4073 ltoe
1471 4017 1527 4072 tult
1552 4015 1675 4084 intelligi,
1698 4014 1769 4085 quod
1800 4015 1826 4068 in

1065 4110 1138 4164 ontni
1154 4111 1238 4165 veteri
1252 4109 1439 4172 Testamenta,
1449 4108 1494 4164 ttlri
1507 4107 1741 4179 angelusprimum
1754 4105 1827 4160 risus

1065 4203 1192 4267 relcrtur,
1209 4215 1233 4257 et
1249 4211 1341 4271 postea
1363 4202 1439 4271 quasi
1460 4202 1529 4256 licus
1545 4197 1827 4269 loquensinducitur,

1064 4296 1176 4365 angelus
1201 4293 1309 4362 apsidem
1334 4309 1397 4350 vere
1422 4309 1455 4350 es
1478 4291 1608 4348 ministris
1634 4291 1756 4361 plurilnts
1772 4289 1829 4360 apri·

1066 4402 1182 4458 euntque
1194 4387 1229 4442 sit
1242 4389 1334 4452 risus,
1361 4390 1408 4443 scd
1425 4390 1450 4442 iu
1470 4389 1518 4443 illo
1535 4387 1667 4443 mediator
1682 4387 1827 4457 loquatur,

1067 4481 1112 4550 qni
1127 4479 1198 4534 dieat
1215 4497 1221 4532 ε
1242 4480 1314 4551 rugo
1328 4496 1388 4535 sunt
1404 4481 1474 4536 Dens
1487 4480 1651 4536 Abrabam.»
1669 4477 1718 4532 llis
1733 4479 1829 4531 accedit

1067 4571 1242 4643 Auqustinus,
1257 4571 1275 4626 l.
1294 4588 1312 4626 tt
1326 4583 1414 4627 contra
1437 4571 1586 4634 Marianis,
1597 4560 1661 4640 ¹rap.
1682 4568 1728 4632 26,
1744 4586 1770 4621 n.
1783 4568 1829 4622 tl.

1067 4664 1189 4731 (potare,
1218 4665 1319 4732 inparis,
1343 4665 1404 4734 ptris
1431 4661 1585 4733 apparuerit
1608 4661 1692 4732 Moysi
1716 4662 1742 4714 in
1769 4659 1830 4728 Igne

1066 4756 1173 4827 quando
1195 4756 1279 4812 rubus
1300 4755 1533 4821 irrssamtnaltatur,
1561 4763 1589 4808 et
1612 4768 1664 4807 raon
1691 4751 1828 4805 urcitalur.

1067 4850 1234 4923 Quamquam
1262 4859 1289 4905 et
1316 4850 1372 4906 illic
1396 4850 1520 4920 angelum
1552 4847 1709 4918 apparuisse
1740 4843 1832 4911 Scrip-

1069 4952 1128 4999 tura
1145 4943 1201 5014 ipsa
1215 4943 1382 4999 declarat...
1399 4941 1428 4997 ln
1440 4940 1537 5011 angelo
1551 4949 1641 4994 autent
1655 4938 1737 4992 bourn
1749 4934 1832 4991 lnissc

1068 5037 1131 5108 quis
1148 5037 1275 5092 dubitet?
1298 5036 1382 5091 iusta
1403 5037 1450 5090 lter
1465 5035 1604 5105 Gregorius
1620 5050 1696 5103 pape,
1714 5029 1790 5101 prul.
1805 5031 1832 5083 iu

1069 5130 1131 5197 bob,
1144 5130 1197 5184 cd
1215 5149 1221 5184 :
1237 5130 1366 5201 Angelus,
1380 5129 1425 5199 qui
1442 5127 1525 5198 lloysi
1542 5127 1699 5197 apparuisse
1713 5123 1809 5179 dicitur
1824 5165 1832 5187 ,

1070 5220 1151 5277 muido
1169 5223 1289 5291 angelos,
1315 5221 1396 5275 ntodo
1419 5220 1490 5274 licus
1514 5229 1689 5275 nicotoratur.
1714 5216 1835 5287 Angelus

1072 5314 1197 5368 uidelicet
1210 5324 1319 5384 prepter
1332 5311 1384 5368 lroe
1396 5314 1467 5384 quael
1482 5314 1601 5368 exterius
1623 5310 1759 5380 loquendo
1773 5323 1833 5363 scr·

1072 5405 1180 5470 aiebam
1199 5405 1329 5461 lloutinus
1341 5416 1431 5460 autern
1446 5406 1554 5473 dicitnr,
1567 5405 1628 5474 quia
1641 5403 1754 5457 interius
1766 5417 1836 5474 pra-

1072 5496 1176 5562 sidens,
1192 5496 1318 5566 loquendi
1334 5497 1480 5552 cllieaciam
1496 5494 1675 5550 rrrinistraltat.
1690 5491 1757 5547 Cum
1771 5508 1837 5563 ergo

1074 5592 1186 5662 loquens
1205 5592 1323 5648 exterius
1337 5593 1371 5647 alr
1384 5591 1506 5647 interiori
1525 5592 1637 5660 regitur,
1651 5598 1676 5642 rt
1699 5605 1746 5658 per
1758 5588 1839 5642 obse·

1074 5685 1166 5756 quium
1179 5687 1344 5757 angelus„et
1362 5699 1410 5756 per
1424 5683 1629 5752 inspirationem
1648 5681 1776 5737 lleminus
1787 5696 1838 5735 no-

1073 5779 1201 5835 oriuntur.
