3884 6136
133 319 185 380 117

734 312 856 371 suncti
875 311 1005 371 uiuenti
1023 308 1179 371 eetscort

1733 309 1789 370 ets

135 435 328 512 marna-Non
341 437 511 494 estltumano
526 443 572 490 aut
583 432 676 489 saeculi
689 446 770 489 sensu
785 432 811 487 in
828 431 874 487 ilci
890 445 935 487 re·
948 430 976 492 Δ
988 431 1067 503 etc).
1081 430 1110 488 Si
1133 430 1277 488 voluntatis
1292 439 1395 486 tantum
1412 430 1542 487 unitatem
1558 430 1670 502 intelligi
1686 431 1787 487 uellet:

133 531 186 588 latts
197 530 360 604 renuendum
373 530 422 602 (V.
436 531 479 585 lie.
491 545 527 595 tr,
543 546 572 583 n.
588 526 635 599 11)
649 542 754 598 :nenne
764 526 803 602 (a)
818 541 865 598 per
877 525 937 582 rio-

134 626 235 683 lentam
258 624 301 694 ll)
316 632 395 695 atqrtc
410 622 610 694 imprudentem
626 620 864 692 immutationem
881 632 937 675 coe·

135 719 244 776 lestium
260 718 394 774 dictorum
409 715 528 783 sanitati,
543 715 639 770 alicam
653 724 734 785 atquc
748 713 838 783 impiae
858 711 938 768 intel·

135 811 253 883 ligentiac
266 809 451 881 extorquenda
464 808 502 883 (ρ)
519 808 685 879 perversitas
696 817 746 862 est.
762 806 827 875 Quia}
838 805 937 874 scripta

136 913 200 958 sunt
213 903 343 974 legamus,
357 913 455 974 etque
469 901 614 974 legerimus
628 900 828 971 intelligamus:
843 909 869 953 ct
881 908 936 954 tum

136 996 264 1070 pantenu
278 997 339 1053 lldci
354 997 445 1052 allicio
466 998 619 1066 iungentur.
636 995 674 1050 lle
693 993 809 1049 traturali
822 993 894 1049 enirn
911 993 937 1048 itt

136 1092 215 1146 uoltis
229 1089 329 1146 Clrristi
342 1090 456 1145 veritate
475 1104 535 1159 qun
546 1088 671 1153 dicimus,
685 1088 734 1142 nisi
752 1087 787 1143 ala
800 1085 939 1143 codidici-

136 1199 208 1250 mus,
224 1181 306 1238 stulte
322 1192 401 1252 atquc
414 1179 632 1252 irnpiedicimus.
652 1181 711 1251 lpse
724 1181 794 1234 etnim
811 1179 857 1247 ait,
871 1176 938 1233 Caro

137 1293 192 1332 taren
207 1292 265 1331 aere
287 1285 324 1329 eat
341 1291 408 1340 esra,
421 1282 446 1329 et
460 1276 565 1343 sangnis
580 1290 650 1329 meria
665 1290 721 1328 erre
735 1283 771 1329 ert
786 1284 871 1346 potua.
888 1271 939 1340 Qtti

136 1370 190 1422 edit
209 1385 312 1424 caratam
328 1384 430 1435 aream,
451 1377 474 1422 et
490 1367 551 1422 ertit
566 1367 717 1438 eartpairtem
733 1382 835 1430 atrurn,
860 1366 887 1419 itt
899 1380 939 1419 nte

136 1470 233 1528 artanet,
255 1471 278 1516 et
299 1476 346 1532 ege
368 1462 396 1515 in
417 1476 446 1515 eo
459 1459 549 1532 (dean.
567 1476 604 1527 rt,
626 1459 673 1526 56,
702 1460 759 1528 571.
777 1460 940 1516 [leverilate

138 1553 230 1608 earinis
243 1560 271 1608 ct
284 1554 423 1624 sanguinis
436 1569 489 1609 non
504 1553 617 1608 relictus
629 1560 672 1608 est
686 1551 839 1622 artrlrigendi
852 1551 938 1609 locus.

136 1643 216 1700 Nunc
228 1645 299 1699 eninr
316 1654 344 1699 et
358 1642 393 1717 (e)
405 1644 490 1714 ipsias
513 1644 618 1698 llomini
640 1644 827 1713 professione,
846 1651 873 1698 et
888 1643 940 1699 tide

137 1745 229 1793 nostra
241 1752 306 1793 rere
318 1752 382 1793 caro
395 1746 447 1804 est,
461 1747 489 1793 et
504 1754 568 1793 vere
582 1739 692 1810 sangnis
710 1749 761 1794 est.
779 1739 811 1794 Et
826 1739 883 1796 lnce
895 1754 941 1796 ae·

987 538 1036 579 eur
1046 522 1158 595 gradum
1177 522 1321 595 quemdam
1336 533 1417 595 atque
1430 522 1553 581 ordinem
1565 524 1789 582 consummanda

988 616 1097 673 unitatis
1111 619 1236 688 exposuit
1250 636 1256 671 :
1272 618 1323 672 nisi
1336 625 1365 672 nt
1377 633 1438 673 eum
1457 618 1501 674 ille
1514 615 1541 672 iu
1551 616 1632 673 Patre
1648 633 1696 687 per
1705 627 1788 674 natu·

989 727 1046 768 ram
1060 713 1206 767 diuinitatis
1219 721 1305 779 esset;
1320 727 1369 767 nos
1379 721 1473 768 contra
1488 711 1513 766 in
1530 725 1563 766 co
1580 726 1627 782 per
1637 710 1673 784 (e)
1689 727 1790 784 corpo-

988 807 1072 862 ralem
1088 805 1148 876 ejus
1170 807 1348 871 nativitatem,
1364 814 1391 860 ct
1407 803 1451 859 ille
1472 818 1580 860 rursum
1606 805 1633 858 in
1646 805 1726 860 noltis
1740 821 1790 876 per

989 907 1221 956 sacramentorum
1236 900 1324 956 inesse
1340 900 1499 970 rttysterinm
1508 898 1667 954 crederetur
1682 917 1689 955 z
1704 913 1738 954 ae
1749 899 1790 956 eie

989 991 1107 1065 perlecta
1120 1006 1167 1061 per
1182 990 1355 1047 licdintorent
1369 992 1459 1046 unitas
1470 991 1621 1056 doceretur,
1635 1007 1696 1046 eum
1711 992 1790 1048 uoltis

989 1084 1016 1140 in
1028 1099 1057 1140 se
1073 1084 1243 1139 alsatientibus
1258 1084 1316 1155 ipse
1337 1091 1459 1138 rtranctct
1469 1084 1495 1138 in
1508 1082 1605 1149 Patre,
1627 1091 1654 1137 et
1666 1082 1693 1137 in
1708 1083 1790 1141 Patre

990 1195 1103 1236 mannans
1118 1187 1241 1235 maneret
1256 1178 1282 1234 in
1300 1179 1394 1244 nolais3
1411 1186 1439 1233 et
1457 1179 1492 1232 ila
1508 1176 1539 1232 ad
1555 1177 1686 1234 unitatem
1699 1177 1791 1234 Patris

989 1274 1198 1345 prolicerentus,
1213 1271 1315 1346 (ficum
1329 1273 1409 1343 quiin
1424 1287 1456 1328 eo
1470 1273 1629 1328 naturaliter
1639 1273 1790 1329 seeundum

991 1367 1157 1423 nativitatem
1173 1368 1254 1433 inest,
1269 1381 1319 1422 nos
1332 1381 1440 1437 quoqne
1454 1367 1481 1420 in
1494 1381 1527 1423 co
1543 1367 1704 1424 traturaliter
1719 1367 1793 1426 ines·

990 1477 1092 1523 sentus,
1110 1463 1168 1531 ipso
1183 1462 1209 1516 in
1224 1461 1299 1516 arabis
1315 1460 1475 1516 naturaliter
1487 1462 1683 1529 permanente?

1028 1557 1072 1612 te.
1092 1555 1183 1611 linitae
1199 1556 1254 1610 ltaec
1272 1572 1349 1626 artant
1369 1555 1506 1613 nataralia.
1533 1554 1625 1611 Unitar
1648 1553 1712 1611 Filii·
1734 1571 1794 1610 cttrn

993 1648 1082 1704 Patre.
1096 1680 1133 1692 -
1146 1638 1331 1716 Quamautem
1343 1648 1472 1703 naturalis
1486 1648 1513 1703 in
1534 1648 1612 1704 nohis
1628 1647 1686 1703 ltere
1703 1647 1794 1704 unitas

991 1743 1035 1808 sit,
1050 1742 1107 1813 ipse
1130 1742 1164 1795 ita
1186 1749 1300 1797 testatas
1314 1749 1377 1797 est:
1393 1741 1444 1808 Qui
1459 1740 1510 1796 adit
1532 1757 1636 1796 carnem
1654 1756 1756 1807 maara,
1770 1749 1796 1796 et

136 1843 213 1901 cepta
236 1840 317 1902 atque
332 1833 425 1887 hausta
441 1831 467 1886 id
482 1832 622 1898 cllieiunt,
648 1831 731 1906 222
749 1844 777 1888 ut
792 1843 817 1888 ct
841 1848 891 1888 nos
911 1834 937 1889 in
953 1829 978 1893 Β
992 1835 1052 1892 eiiii
1066 1835 1215 1908 sanquinem
1229 1851 1322 1900 areant,
1334 1835 1409 1889 inane
1421 1843 1516 1902 ntaraet,
1526 1843 1549 1887 et
1562 1849 1609 1907 epe
1624 1834 1651 1887 in
1662 1849 1691 1887 ea
1702 1830 1796 1903 (deon.

137 1924 266 1990 Claristo,
290 1933 319 1981 et
335 1923 459 1980 Cltristus
474 1925 500 1980 in
516 1924 594 1981 nelis
608 1925 653 1979 sit.
669 1930 754 1981 linire
770 1928 821 1983 lroe
841 1927 941 1983 veritas

139 2033 192 2074 non
206 2018 264 2072 cstl
279 2017 424 2089 Contingat
442 2017 519 2087 plane
543 2017 585 2073 itis
599 2032 692 2072 t'ertrm
715 2034 768 2074 nnn
786 2034 867 2088 esse,
894 2019 940 2090 qui

140 2111 278 2168 Christum
292 2111 385 2168 Jesnnt
402 2127 493 2167 rerunt
508 2125 568 2167 esse
585 2112 668 2168 llcnm
680 2110 824 2185 denegant.
839 2113 887 2168 Est
897 2128 942 2168 er·

140 2220 175 2276 go
200 2206 227 2259 in
242 2205 320 2260 arabis
335 2206 393 2276 ipse
407 2220 456 2275 per
469 2219 589 2273 earnem,
602 2213 629 2260 et
648 2219 741 2261 sumus
762 2204 788 2259 in
809 2219 842 2261 ee
857 2223 863 2261 :
879 2204 943 2260 dum

142 2298 182 2370 (d)
195 2311 287 2354 secum
299 2298 361 2366 ltoe,
374 2297 446 2369 quod
462 2312 512 2354 nos
526 2313 630 2365 sumus,
646 2299 673 2353 in
687 2298 807 2356 lienosi.

178 2392 222 2447 ti.
235 2391 356 2462 Perfecta
372 2393 457 2459 troiia,
469 2391 572 2448 Citriato
587 2393 729 2458 ntediente,
745 2409 804 2447 aaut
818 2394 873 2448 Deo
885 2395 946 2450 tani·

142 2485 317 2553 tae-Quam
331 2495 421 2542 autern
436 2487 462 2541 in
473 2501 510 2566 ¹co
522 2501 570 2557 per
583 2499 780 2543 sacramentum
795 2491 946 2545 communi-

143 2587 211 2634 catae
226 2580 316 2634 carnis
330 2589 358 2634 et
371 2580 512 2650 sanguinis
527 2578 622 2642 simus,
638 2580 697 2650 ipsc
708 2590 823 2637 testatur
835 2581 945 2654 dicens,

142 2670 179 2727 Et
191 2673 233 2726 itis
247 2674 358 2727 attendas
372 2673 477 2742 artejttnt
488 2689 539 2726 nort
550 2672 616 2726 uidet
623 2690 633 2739 ,·
648 2689 692 2728 uos
705 2684 789 2728 mrtem
801 2690 841 2728 me
854 2675 948 2730 aldeli·

142 2767 195 2834 tir,
218 2768 339 2837 ananiam
361 2783 407 2838 ego
419 2768 476 2822 uiro
484 2806 491 2834 ,
508 2776 531 2822 et
545 2783 589 2823 eoa
603 2767 707 2837 aiamim
722 2770 844 2841 quomam
859 2787 905 2841 epo
919 2772 948 2826 in

142 2860 225 2919 Patre
239 2880 306 2931 arco,
315 2872 340 2919 et
350 2878 394 2918 aer
410 2863 436 2917 in
446 2872 494 2928 me,
508 2872 531 2918 et
543 2863 627 2936 ego-in
641 2861 711 2920 aelia
724 2862 816 2938 (doun.
833 2880 890 2935 xm,
901 2864 945 2934 te,

191 3076 209 3129 2
235 3073 306 3136 lere.

192 3148 209 3204 δ
238 3146 368 3203 Viaemaa.

140 3048 144 3071 2
178 3003 217 3221 )1)
232 3006 313 3075 Atque
326 3003 505 3077 impudentem.

994 1949 1031 1999 rt,
1046 1930 1103 2003 57).
1116 1929 1175 1986 Non
1186 1930 1258 1986 enirn
1272 1930 1332 2000 tprris
1346 1928 1415 1984 ineo
1427 1928 1488 1991 erit,
1501 1928 1551 1983 nisi
1564 1929 1590 1983 in
1602 1943 1654 1998 nuo
1668 1928 1725 1995 ipse
1735 1929 1797 1983 lue·

994 2028 1046 2083 rit:
1062 2027 1120 2095 cius
1135 2032 1237 2080 tnnltnn
1251 2023 1289 2096 (1)
1303 2024 1329 2078 in
1345 2034 1549 2094 seassumptam
1561 2022 1663 2080 itabens
1673 2036 1796 2089 carnem,

996 2123 1130 2193 quisnam
1152 2119 1305 2190 sumpserit.
1331 2115 1461 2174 Pcrlcctae
1484 2125 1574 2172 autent
1591 2115 1670 2185 hujus
1684 2113 1800 2171 unitatis

997 2215 1078 2288 225
1096 2222 1294 2268 sacramentum
1309 2208 1349 2282 (ρ)
1369 2208 1494 2280 superius
1515 2209 1570 2279 jam
1587 2207 1734 2272 docuerat,
1757 2205 1801 2261 di·

996 2322 1078 2364 ccns:
1092 2304 1247 2362 Sicatmiait
1260 2302 1398 2357 metirent
1413 2300 1501 2365 Peter,
1516 2310 1539 2355 et
1554 2317 1601 2374 ege
1617 2301 1673 2355 riae
1683 2316 1728 2372 prr
1744 2296 1802 2354 Pa·

998 2413 1081 2459 trem:
1096 2410 1121 2457 et
1140 2402 1184 2472 qai
1197 2398 1388 2453 nrandttaatrerit
1400 2412 1482 2450 atram
1496 2411 1608 2461 caratam,
1629 2404 1652 2449 et
1667 2395 1721 2466 ipse
1735 2393 1801 2448 trioel

997 2512 1042 2570 per
1057 2510 1097 2549 nte
1115 2492 1196 2568 (lata.
1213 2488 1270 2561 58).
1294 2489 1365 2545 illuit
1386 2503 1453 2559 ergo
1474 2502 1521 2557 per
1546 2487 1652 2542 Patrem
1667 2505 1674 2542 :
1689 2495 1718 2542 et
1743 2500 1802 2558 τριρ

1000 2589 1081 2649 modo
1095 2604 1141 2661 per
1152 2588 1260 2642 Patrem
1272 2583 1348 2649 vivit,
1363 2582 1460 2638 codem
1470 2581 1551 2636 modo
1562 2595 1612 2635 nos
1626 2594 1673 2650 per
1686 2593 1801 2634 earnem

999 2685 1059 2754 ejus
1074 2681 1114 2755 (ὅ)
1128 2681 1253 2749 risimus.
1268 2676 1364 2733 Omnis
1386 2674 1457 2730 enim
1473 2671 1639 2743 cerrrparatio
1652 2670 1685 2726 ad
1696 2669 1801 2726 iintelli-

999 2776 1095 2850 gentiae
1110 2777 1222 2828 lornram
1238 2769 1409 2842 presumitur
1424 2785 1430 2821 :
1446 2775 1476 2821 ut
1497 2765 1541 2830 id,
1557 2766 1592 2821 de
1609 2780 1663 2836 quo
1688 2764 1800 2835 agitur,

999 2868 1148 2928 secundum
1174 2864 1341 2937 propositum
1368 2858 1521 2930 eacrnplum
1547 2857 1586 2931 (ll
1610 2870 1799 2928 assequamur.

1035 3007 1076 3082 (l)
1102 3006 1181 3064 Prius
1199 3002 1361 3074 legebatur,
1388 3005 1547 3070 attenuatur.
1576 2994 1687 3055 Rectius
1712 2994 1802 3054 codex

999 3079 1175 3144 Veronensis,
1195 3087 1369 3146 assequamur.

142 3299 312 3348 crementum
335 3286 548 3350 incarnationis,
573 3295 628 3342 tum
643 3288 721 3346 nobis
736 3289 979 3359 communicatae
1030 3289 1065 3360 (e)
1080 3289 1109 3344 td
1123 3295 1173 3350 est,
1191 3299 1238 3356 per
1251 3296 1350 3350 corpus
1362 3279 1433 3350 nand
1447 3295 1478 3334 cx
1495 3278 1576 3335 llaria
1588 3277 1725 3336 nascendo
1737 3294 1800 3337 sus·

144 3376 194 3434 per
206 3368 404 3418 sacramentnm
429 3357 622 3421 Eticlrartstie.
638 3370 673 3415 stt
692 3372 890 3417 sacramentum
915 3373 944 3420 et
997 3363 1069 3431 cepit
1082 3377 1113 3415 er
1127 3356 1214 3412 tranlis.
1227 3355 1330 3410 Deirnle
1340 3362 1429 3408 autem
1444 3369 1489 3423 per
1501 3362 1720 3408 sacramentorum
1733 3369 1801 3424 mgr-

145 3433 283 3488 rincnlum
298 3427 423 3499 perlectae
439 3429 549 3484 unitatis
564 3438 662 3484 nrrstrre
678 3433 794 3500 primurn
810 3448 841 3488 ac
855 3449 902 3504 per
916 3450 946 3492 se
998 3426 1435 3494 teriumEucltaristiamdcsignari
1450 3425 1557 3493 planum
1569 3433 1620 3483 est.
1633 3432 1801 3482 utcoastan-

144 3520 207 3561 cum
219 3501 338 3563 Clrristo,
355 3516 388 3555 eo
403 3510 492 3556 antean
509 3500 642 3556 titedianle
653 3517 715 3557 curn
726 3502 816 3557 Patre.
997 3514 1039 3560 tcr
1052 3510 1229 3574 prosequatur
1251 3497 1366 3554 llilarius
1382 3509 1460 3551 suunt
1482 3494 1631 3551 bintembre
1650 3509 1800 3567 argumen-

183 3574 221 3647 (ρ)
235 3572 358 3629 Nonnulli
375 3588 439 3627 mss.
456 3589 501 3639 per
513 3572 660 3626 uiolentiam
673 3589 682 3627 .·
696 3584 723 3628 et
735 3573 848 3641 deinde,
869 3585 945 3646 atque
997 3585 1065 3632 lum.

132 3646 318 3711 impudentem
336 3660 345 3698 .·
360 3644 431 3713 atrttd
445 3643 526 3698 ctiam
549 3643 698 3713 pranderunt
711 3646 822 3709 excusi,
847 3648 945 3703 srrltse·
1033 3649 1068 3720 (f)
1084 3646 1140 3702 lioc
1153 3643 1204 3699 silri
1223 3642 1296 3697 rnlt:
1311 3655 1371 3696 cunt
1384 3639 1410 3694 iu
1426 3638 1546 3701 Citristo,
1559 3637 1605 3710 qui
1619 3638 1645 3692 itt
1656 3639 1737 3696 Patre
1750 3655 1799 3697 na·

146 3719 291 3790 orientibus
305 3717 339 3770 ita
366 3717 522 3784 perturbate
541 3716 699 3779 earne-sis,
728 3725 757 3768 nt
783 3718 944 3775 vocabulum
997 3720 1118 3776 tnralitcr
1141 3717 1211 3772 inest
1233 3713 1381 3769 secundnm
1395 3713 1724 3779 nativitatemaetcrnam,
1747 3727 1799 3769 nos

144 3791 237 3846 alienae
251 3789 383 3843 reseratur
396 3789 429 3841 nd
440 3786 555 3841 sanitati.
570 3785 617 3841 liic
629 3786 789 3857 sugillantur
804 3787 942 3857 haeretiei,
997 3792 1098 3861 pariter
1113 3790 1262 3843 inessemus
1279 3799 1327 3855 per
1341 3794 1493 3847 susceptam
1514 3783 1548 3837 ala
1561 3797 1594 3838 eo
1609 3797 1718 3839 erinnem
1732 3799 1797 3840 nos·

145 3863 190 3931 qui
203 3875 310 3917 errtnes
321 3873 385 3914 snm
397 3869 443 3914 ant
458 3859 580 3912 lnrtnanis
598 3857 755 3914 ratiuncuds
768 3871 815 3914 aut
829 3862 944 3920 detortis
996 3874 1075 3924 trnrn,
1093 3861 1188 3916 eodem
1211 3859 1270 3927 ipse
1283 3855 1391 3910 Ctnristo
1406 3870 1512 3909 rursum
1526 3854 1552 3908 in
1574 3855 1651 3909 nobis
1665 3856 1798 3912 natrrrali.

145 3933 181 3989 ad
191 3933 216 4001 pl
227 3935 287 3986 nita
300 3931 446 4000 scripturis
458 3930 525 3984 tueri
540 3938 683 3986 certantur.
997 3945 1038 3990 ter
1054 3939 1228 4003 nierrnancnte
1246 3945 1293 4000 pcr
1307 3927 1441 3998 impertita
1453 3927 1542 3981 caratis
1555 3934 1582 3980 ct
1596 3925 1737 3998 sanguinis
1752 3927 1796 3986 sni

185 4004 222 4069 til
236 4003 315 4060 Solus
327 4003 410 4058 codex
423 4002 482 4056 ilat.
499 4000 556 4055 llas.
569 4001 702 4056 diuersitas
718 4019 727 4058 :
742 4004 821 4059 male.
835 4002 944 4061 Perucr·
996 4013 1175 4062 sacramenta.

146 4078 209 4134 ritas
238 4077 382 4144 opponitur
406 4074 520 4128 arrraitati.
536 4071 586 4139 Qui
613 4074 751 4143 cxcrrtplar
775 4075 944 4134 Carnutense
1032 4077 1070 4150 (ρ)
1086 4077 1152 4133 Cum
1168 4075 1244 4130 locus
1261 4073 1398 4142 subjectns
1419 4072 1445 4126 in
1466 4068 1614 4139 Evangelio
1632 4069 1746 4129 inferior
1760 4073 1797 4131 sil

147 4145 321 4209 ernendaait,
348 4146 390 4200 laic
405 4144 438 4199 ad
458 4145 605 4214 marginem
624 4143 779 4216 adscripsit,
797 4146 849 4201 Per
863 4158 944 4202 totum
996 4139 1119 4216 prtiairne
1133 4146 1215 4201 allnto
1226 4160 1258 4200 ert
1272 4144 1350 4200 loan.
1370 4159 1407 4211 rr,
1423 4158 1475 4197 non
1493 4141 1572 4211 liujus
1586 4151 1731 4212 respectu,
1746 4145 1796 4202 sed

147 4221 196 4274 laec
206 4218 347 4286 capitelam
358 4213 480 4286 Corporis
493 4224 516 4270 et
529 4214 670 4284 Sanguinis
680 4216 803 4272 deretinici
814 4220 944 4274 ueritatem
996 4229 1120 4289 respectu
1133 4218 1244 4274 alterins
1257 4231 1291 4271 cx
1306 4215 1385 4271 lirant.
1402 4231 1455 4276 arv.
1472 4215 1516 4279 ttl,
1529 4213 1571 4267 lric
1585 4215 1710 4285 superior
1721 4233 1794 4272 ntan-

147 4290 303 4361 exsequitur.
322 4290 355 4342 dt
375 4304 440 4342 τρτρ
461 4296 518 4341 tnm
531 4301 563 4341 ca
584 4288 717 4356 scriptura
733 4289 943 4346 sccundmillius
995 4302 1117 4362 cupatur.
1145 4290 1203 4342 lior
1224 4303 1318 4341 enrss.
1343 4288 1508 4342 restituimus
1530 4289 1600 4339 alnas
1619 4285 1721 4354 Pater,
1743 4303 1796 4358 pro

146 4376 254 4420 marrus,
270 4371 365 4414 tamer
376 4358 583 4426 antinnocndice
593 4357 658 4410 alias
670 4358 860 4425 Floriacensis,
872 4377 944 4418 autre
995 4364 1091 4417 alaeue.
1107 4360 1175 4415 Tam
1186 4359 1269 4414 ceder
1283 4357 1342 4412 vat.
1361 4359 1419 4413 bas.
1435 4368 1458 4411 et
1473 4373 1518 4427 ego
1538 4357 1593 4411 aiae
1615 4370 1719 4427 propter
1741 4361 1797 4416 Pn-

146 4431 308 4488 Colltertinnt
320 4429 563 4492 tnottotleeaennn.
578 4426 709 4495 llllllnni
721 4432 857 4498 inseptern
868 4433 940 4502 prio·
996 4445 1069 4487 trent.
1087 4431 1189 4486 Deinde
1203 4431 1228 4484 in
1249 4428 1361 4485 inarmis
1379 4429 1579 4499 exernplariltus
1601 4429 1696 4500 graneis
1709 4439 1738 4486 et
1751 4432 1794 4487 la-

146 4505 223 4559 aitrus
234 4503 310 4557 libris
321 4501 356 4554 ita
369 4500 402 4554 ad
417 4500 496 4554 udern
508 4499 683 4554 Carnntensis
694 4515 839 4568 expiremus
849 4512 900 4563 est.
915 4513 945 4559 ut
996 4505 1059 4560 linis
1074 4518 1144 4558 ntntc
1159 4500 1357 4564 circumlertur,
1373 4502 1449 4569 etqui
1464 4500 1603 4555 irrarrdueat
1616 4517 1666 4564 me,
1680 4517 1747 4569 aon,
1769 4514 1796 4561 et

146 4588 241 4630 omnes
257 4588 288 4626 ac
298 4572 369 4627 solas
385 4572 514 4626 lectiones
526 4569 661 4639 praeit-rat,
673 4571 769 4641 quaein
785 4573 832 4626 illo
847 4587 944 4629 secun·
995 4578 1039 4644 τρρ·
1050 4574 1239 4629 ntnndncarerit
1250 4589 1351 4627 cernon
1371 4589 1463 4627 rrteurrt.
1489 4571 1593 4638 eribtts
1611 4573 1754 4640 sntrjiettur
1765 4575 1794 4632 itt

146 4647 189 4701 dis
202 4644 274 4701 curis
295 4642 406 4712 adjectae
426 4640 516 4710 sunl),
543 4641 621 4696 iaciic
644 4643 773 4709 probatur
786 4644 942 4713 praedictum
996 4663 1047 4702 tus.
1064 4645 1170 4701 Martia.
1187 4646 1278 4713 etipse
1296 4645 1353 4699 uiuit
1371 4646 1398 4698 in
1413 4661 1462 4708 ane,
1477 4659 1542 4703 tttttt,
1557 4644 1648 4707 etipse
1666 4645 1731 4702 oter
1747 4663 1796 4716 per·

146 4734 198 4774 ms.
211 4726 371 4771 anteannos
386 4713 448 4776 tati.
466 4713 548 4767 luisse
563 4712 746 4768 ernendatnrn.
956 4689 1044 4773 Dare.
1070 4718 1146 4785 Qttnd
1167 4733 1200 4773 cr
1220 4716 1271 4770 linc
1286 4716 1424 4786 Eaartgelii
1449 4716 1507 4771 loco
1529 4715 1639 4771 conticit
1653 4716 1792 4788 llilarius,

182 4787 351 4862 (clotildem
363 4785 442 4858 ipsius
459 4785 561 4838 Comini
574 4786 744 4924 prossjesaiane,
760 4786 809 4840 nisi
821 4788 943 4855 ipsismet
995 4789 1204 4844 Sacrmnentarti
1220 4787 1302 4857 probe
1315 4788 1467 4857 expendant
1480 4787 1570 4840 velint.
1593 4786 1638 4844 Sie
1659 4788 1732 4843 enirn
1748 4805 1795 4847 ra-

145 4855 598 4925 Cltristircrltisllluiddeindeat
629 4858 942 4917 derrastra.ttisiexllde
994 4861 1154 4916 tiocinatur:
1182 4860 1219 4914 ita
1241 4857 1365 4915 Cltrislus
1386 4859 1451 4913 nm
1474 4873 1522 4927 per
1545 4857 1650 4913 Patrem
1679 4871 1793 4932 accepta

146 4932 288 4998 Ecclesiae,
313 4928 420 4983 Dnrrrini
436 4928 516 4983 rerba
531 4939 556 4981 nt
572 4941 669 4983 soriam
685 4930 877 4999 intelligentis?
901 4931 942 4988 Ex
994 4932 1065 4987 illins
1082 4943 1186 4998 trutina,
1201 4933 1270 4986 sicut
1286 4945 1334 4984 nos
1345 4930 1459 4985 risimus
1474 4946 1521 4999 per
1531 4928 1668 4985 Citrlstum
1679 4943 1792 5003 accepta

145 5018 199 5074 qno
214 5003 295 5072 liquet
312 5001 441 5055 llilariunt
455 4999 572 5055 sensisse
588 4999 667 5054 ludent
685 5010 803 5055 nostram
818 5001 865 5056 liei
879 5018 939 5055 rer·
993 5003 1079 5074 ipsius
1093 5020 1184 5060 carne.
1201 5003 1268 5057 l'nrn
1282 5003 1364 5056 surrnit
1374 5003 1449 5073 quasi
1464 5016 1522 5057 rem
1536 5003 1621 5072 magis
1639 5013 1742 5069 notam,
1756 5005 1793 5063 tle

145 5074 188 5129 liis
201 5074 277 5128 inniti
294 5072 408 5136 debere,
433 5072 479 5126 llei
493 5084 583 5125 arttcnr
600 5071 680 5127 terim
695 5087 726 5128 er
743 5071 796 5126 lide
812 5072 940 5128 ecclesie
993 5089 1045 5142 qua
1061 5077 1171 5130 rnininrc
1185 5072 1381 5129 contenderent
1392 5073 1486 5127 Ariani
1508 5091 1514 5126 :
1531 5075 1602 5143 atqui
1615 5074 1731 5132 vivimus
1742 5091 1793 5148 pet·

144 5144 322 5214 explicuerim
336 5157 417 5213 atnoe
430 5159 462 5198 cr
474 5151 586 5213 utroque
597 5143 643 5198 illo
657 5145 744 5213 capite
763 5142 937 5211 crrtnlrrntnri,
993 5145 1128 5201 Cltristnrn
1144 5156 1265 5200 nntrrrnm
1281 5145 1350 5199 illius
1362 5150 1451 5199 carnis
1465 5145 1554 5215 adepti
1568 5160 1576 5207 ;
1599 5145 1668 5200 adeo
1691 5156 1721 5202 nt
1742 5162 1792 5218 per

144 5232 196 5272 nos
211 5217 237 5270 in
252 5215 417 5270 Barchon-isnin
432 5229 524 5270 reram
544 5215 646 5269 Christi
664 5230 774 5270 carnem
793 5229 941 5281 aerntnrpte
993 5217 1082 5272 carnis
1102 5218 1173 5273 illins
1187 5215 1419 5271 manducationem
1434 5215 1570 5273 Christum
1585 5217 1612 5271 in
1627 5217 1706 5273 nobis
1727 5234 1791 5275 car-

144 5287 301 5358 snngnincm
322 5286 455 5356 accipere.
470 5285 623 5353 Qtramliltet
636 5287 715 5340 aliam
739 5285 942 5356 interpraettio·
992 5287 1099 5344 atalious
1117 5288 1261 5344 carnaliter
1276 5298 1429 5342 ntancntctn
1446 5288 1601 5343 balneamus.
1625 5289 1663 5345 dc
1677 5289 1790 5349 demum
1822 5352 1825 5357 .

143 5374 206 5414 trem
219 5358 361 5413 verborum
378 5374 384 5411 :
402 5355 468 5411 Caro
484 5371 541 5410 ntea
554 5373 610 5412 aere
626 5368 664 5412 est
678 5374 746 5426 erra,
761 5365 827 5425 etc,
841 5358 939 5414 etolen-
992 5361 1123 5415 adversus
1135 5359 1250 5415 Arianos
1264 5373 1341 5425 rent,
1363 5360 1433 5413 unde
1449 5359 1608 5430 litigabant,
1628 5361 1788 5422 concludit:

142 5442 194 5485 tam
207 5444 267 5485 csse
282 5441 430 5499 prmrrtonet
439 5439 514 5494 aterne
524 5429 719 5492 imprudentem.
992 5429 1065 5502 Ergo
1078 5442 1102 5487 et
1115 5430 1237 5487 Cltristus
1250 5430 1315 5484 sirit
1329 5446 1376 5499 per
1392 5429 1509 5495 Patrem,
1525 5441 1634 5502 accepta
1645 5434 1790 5502 ipsiusmet

179 5501 220 5572 (a)
233 5501 296 5556 lisa.
313 5501 374 5557 var.
389 5503 445 5555 lma.
459 5499 567 5556 llarlin.
581 5499 663 5556 Cara.
680 5502 844 5561 sorbonicus
857 5519 936 5572 ttttus,
992 5515 1088 5558 natura
1100 5503 1188 5558 divina
1202 5519 1208 5569 ;
1224 5503 1259 5556 lta
1275 5513 1300 5556 nt
1315 5501 1394 5557 Pater
1404 5503 1552 5558 seeundum
1567 5503 1698 5575 Spiritum
1713 5547 1720 5570 ,
1736 5506 1789 5567 ltoc

144 5587 177 5628 ac
191 5571 244 5627 dno
258 5571 417 5636 Colbnrtinl,
441 5578 595 5628 nontamen
610 5573 754 5643 antiquior,
770 5577 832 5631 altam
843 5593 937 5631 aecan-
989 5584 1040 5638 est,
1058 5575 1204 5631 secuudum
1216 5584 1339 5628 naturam
1352 5573 1469 5628 diuinam
1480 5574 1505 5628 ci
1515 5573 1616 5642 dotant,
1628 5578 1789 5637 naturaliter

146 5644 208 5698 dam
228 5646 275 5697 lroe
288 5659 298 5697 .·
313 5659 366 5699 non
380 5643 505 5699 villemar
518 5644 577 5701 aliis
601 5644 676 5701 libris
691 5646 872 5716 praeter-endi,
888 5647 937 5705 sed
988 5646 1016 5701 in
1030 5664 1062 5701 co
1077 5656 1194 5702 maneat.
1218 5645 1267 5714 Qui
1283 5656 1439 5715 argamenta
1462 5655 1514 5700 taut
1537 5649 1611 5703 clara
1625 5646 1678 5703 alio
1693 5648 1787 5706 detor-

145 5715 203 5769 lrarc
225 5714 261 5768 ita
275 5714 446 5779 intelligenda
464 5733 471 5770 ε
486 5715 549 5771 durtt
576 5715 656 5771 sinrul
677 5733 738 5773 cum
758 5718 875 5783 Claristo,
892 5720 937 5776 cui
987 5732 1070 5786 attere
1083 5734 1224 5781 conamur,
1239 5716 1358 5772 indicant
1372 5716 1413 5771 rel
1427 5731 1457 5771 se
1483 5718 1553 5773 mala
1567 5719 1620 5775 lide
1633 5735 1725 5804 agere,
1739 5723 1785 5779 rel

142 5784 277 5867 conjuncti
297 5799 413 5863 Ιτριρρτ,
440 5787 491 5842 troc
513 5788 585 5867 «pund
609 5801 659 5848 non
678 5804 772 5850 smnus
784 5800 827 5851 est
838 5792 866 5851 in
880 5790 937 5853 Deo
986 5791 1081 5845 saltent
1101 5802 1232 5865 quantuni
1254 5789 1325 5861 apud
1345 5787 1469 5848 immines
1482 5791 1588 5863 possint
1601 5790 1786 5865 prepediente

141 5861 227 5931 ltatrei
241 5864 303 5917 rant
315 5861 369 5930 qtto
382 5856 427 5916 ille
442 5868 524 5915 tmnm
538 5865 589 5918 est.
986 5861 1248 5935 meermannianam
