3884 6136
153 258 188 314 87
756 245 881 313 salicti
906 244 1035 302 iithRll
1060 244 1214 304 setscort
1772 245 1807 301 88

152 385 182 433 et
192 390 247 449 quo
271 373 372 432 damno
387 373 484 439 Patris,
500 371 545 428 vei
556 385 590 429 ex
604 383 656 442 qua
669 370 795 443 portione
806 367 841 424 sit
860 374 949 433 natus,
965 371 1059 432 Atem
1073 367 1272 433 accommodat,
1283 373 1310 422 et
1334 366 1496 422 dubitationi
1524 365 1671 422 infidelium
1686 364 1809 423 satishc-

154 462 327 535 inquirimus.
339 459 378 534 (α)
403 459 542 516 Habueras
560 458 589 514 in
609 458 736 529 exemplo
754 455 951 527 operationum,

154 567 186 615 ut
195 557 321 614 crederes
334 557 418 612 Deum
438 553 545 610 cllicere
563 566 653 625 posse,
674 566 787 623 qvtomnt
804 548 955 619 intelligere

156 649 329 708 eidrientiam
346 663 398 703 non
411 648 507 717 possis.

193 741 451 799 19.Prooocuntnrut
465 739 593 811 explicent
607 736 702 793 Christi
708 737 800 809 januis
809 735 903 791 clausis
916 735 957 790 in·

157 852 323 910 pressum-
335 833 440 901 Quaeris
452 832 588 903 quomodo
602 830 750 887 secundum
766 830 895 900 Spiritum
911 842 959 883 na-

157 938 201 984 tus
215 927 250 983 sit
263 910 371 982 lilius:
387 941 438 996 ego
452 924 525 980 tede
544 924 683 994 corporeis
698 923 780 979 rebus
808 923 956 991 interrogo.

158 1019 217 1077 Nou
232 1019 269 1091 (b)
281 1033 374 1091 quero
388 1016 524 1089 utromodo
539 1023 617 1072 natus
627 1032 660 1072 ex
674 1016 778 1087 virgine
792 1015 842 1081 sit;
862 1030 896 1070 an
912 1013 960 1069 dc-

160 1111 318 1168 intricatum
331 1112 372 1165 sui
381 1124 445 1165 caro
457 1108 603 1179 perlectam
614 1123 648 1164 ex
661 1124 691 1163 se
704 1122 814 1163 carnem
826 1119 961 1177 generans

160 1203 345 1276 perpessasit.
367 1203 396 1258 lit
408 1203 461 1275 01
483 1210 558 1257 certe
576 1216 628 1256 non
648 1195 893 1271 suscepitlc)quod
905 1197 962 1253 edi·

162 1297 213 1366 dit,
227 1297 275 1352 sed
299 1309 364 1352 caro
385 1310 494 1351 carnem
510 1298 570 1349 siue
588 1294 784 1350 elementorum
808 1300 962 1346 nostrorum

162 1392 266 1464 pudore
286 1389 420 1463 provexit,
441 1398 468 1445 ct
493 1388 641 1461 perlectum
657 1388 714 1459 ipsa
732 1385 767 1442 de
782 1386 837 1441 suis
853 1383 894 1459 (d)
908 1398 961 1440 non

164 1485 306 1541 imminuta
329 1484 480 1554 generavit.
502 1483 536 1538 Et
551 1482 660 1554 quidem
681 1481 720 1535 las
746 1490 829 1546 esset,
850 1479 965 1534 nonim-

164 1577 296 1650 possibile
310 1576 336 1631 in
349 1576 404 1632 Deo
415 1573 531 1645 opinari,
544 1573 616 1645 quod
627 1589 675 1643 per
689 1572 816 1629 virtutem
830 1570 890 1642 ejus
903 1584 966 1640 pos-

166 1670 245 1727 sibile
261 1669 344 1726 lnisse
356 1670 382 1725 in
394 1669 502 1724 homine
515 1669 712 1740 cognoscimus.

1005 467 1091 525 turus,
1109 474 1237 516 arcanum
1250 459 1390 516 invisibilis
1403 460 1509 514 virtutis
1523 471 1650 529 operatur
1665 480 1671 514 ι
1687 458 1749 514 lacti
1761 474 1809 514 ra·

1007 552 1119 618 tionem,
1132 553 1254 624 qrrisqnis
1265 553 1321 608 eris
1336 555 1484 610 eoelestium
1497 569 1588 610 rernm
1604 560 1749 619 scrutator,
1763 568 1812 608 er·

1009 659 1089 716 pone.
1116 646 1199 700 Erant
1225 645 1350 716 discipuli
1369 646 1404 718 (s)
1430 648 1455 701 in
1470 648 1573 711 clauso,
1588 653 1616 701 et
1631 655 1736 702 secreto
1751 654 1812 716 post

1008 737 1163 809 passionem
1180 738 1284 792 Domini
1298 740 1453 810 congregati
1476 739 1665 793 consederant.
1682 739 1812 793 Dominus

1008 833 1174 906 62Thomm
1182 833 1260 888 [idern
1270 834 1414 904 propositis
1426 833 1626 888 conditionibus
1634 832 1811 887 eoulirrnatn·

1010 941 1056 981 rus
1064 927 1175 993 assistit,
1184 926 1308 997 palpandi
1323 927 1444 996 corporis
1454 935 1481 981 ct
1494 924 1680 980 contrectandi
1694 924 1814 980 vulneris

1010 1017 1108 1074 obtulit
1122 1016 1276 1072 facultatem
1294 1027 1339 1073 :et
1360 1019 1450 1087 utique
1465 1016 1505 1089 (i)
1521 1019 1565 1087 qui
1580 1026 1758 1087 compunctus
1771 1032 1815 1073 re·

1013 1109 1218 1180 cognoscendus
1229 1110 1275 1177 sit,
1284 1125 1395 1167 necesse
1407 1119 1448 1166 est
1462 1125 1561 1180 corpus
1576 1109 1602 1163 in
1615 1123 1669 1180 qrro
1684 1119 1726 1164 est
1739 1123 1816 1164 corn·

1015 1212 1132 1274 puuctus
1156 1204 1289 1258 attulerit.
1316 1203 1415 1271 Quaero
1436 1218 1501 1273 crgo
1512 1218 1560 1273 per
1575 1218 1642 1273 quas
1655 1202 1817 1259 clauseris

1016 1309 1076 1349 mus
1092 1303 1183 1365 partes
1197 1309 1258 1350 sese
1271 1309 1420 1364 corporeus
1436 1294 1566 1350 intulerit.
1584 1294 1731 1363 Diligenter
1743 1295 1816 1349 enirn

1016 1388 1186 1457 Evangelista
1202 1389 1339 1458 expressit
1348 1388 1459 1445 dicens:
1474 1388 1546 1444 Venit
1559 1387 1633 1442 lesus
1640 1390 1731 1462 januis
1740 1389 1814 1442 cirrat-

1016 1480 1063 1545 st's,
1072 1489 1095 1534 et
1103 1481 1172 1534 stetit
1180 1481 1206 1533 in
1215 1479 1298 1534 medio
1308 1479 1348 1552 (9)
1364 1478 1430 1552 (lh,
1439 1479 1497 1552 ⁶26).
1506 1481 1547 1535 rin
1556 1489 1710 1535 constructa
1723 1481 1813 1548 parie-

1019 1583 1074 1628 tum
1091 1581 1235 1643 penetrans
1251 1571 1290 1644 (li)
1306 1582 1334 1628 ct
1359 1573 1444 1628 solida
1470 1573 1613 1644 lignorum,
1636 1581 1759 1628 naturam
1773 1589 1820 1628 eo·

1018 1682 1077 1722 rum
1103 1667 1338 1737 impenetrabilem
1365 1668 1582 1723 transcucurrit?
1598 1667 1679 1724 Stetit
1706 1682 1822 1737 namque

203 1764 249 1819 20.
265 1763 317 1820 Sed
330 1772 366 1827 te,
380 1762 502 1832 pirisquis
512 1759 757 1831 es,investigabilia
769 1767 927 1823 sectantem,
940 1768 968 1814 et
983 1767 1006 1827 Β
1020 1776 1183 1831 corporeus,
1198 1776 1253 1816 non
1269 1761 1413 1817 simulatus
1430 1771 1474 1816 aut
1490 1760 1581 1816 fallax.
1593 1760 1746 1829 Sequuntur
1758 1775 1824 1830 ergo

166 1857 320 1914 divinorum
334 1864 500 1912 secretorum
522 1864 602 1924 atque
628 1854 754 1908 virtutum
774 1866 881 1923 gravem
893 1851 967 1906 arhi-

167 1959 239 2006 trum
250 1950 374 2014 consulo,
389 1958 419 2003 ut
438 1949 503 2003 mihi
518 1949 653 2017 imperito,
668 1955 698 2002 et
718 1956 820 2001 tanturn
834 1945 868 2001 de
882 1945 969 1999 omni-

169 2042 221 2097 bus
236 2041 292 2095 Deo
305 2047 335 2096 ut
358 2049 420 2094 surrt
442 2038 477 2094 ab
498 2053 532 2095 eo
544 2038 614 2093 dicta
628 2036 760 2106 credenti,
772 2036 903 2092 rationem
917 2035 969 2090 sal-

170 2143 226 2191 tem
239 2133 300 2188 lacti
323 2133 400 2188 istius
414 2130 521 2187 aderas.
546 2130 688 2186 Dominum
704 2128 794 2192 anulio,
807 2137 835 2184 et
849 2127 912 2200 quia
928 2127 971 2182 his

144 2198 148 2227 ¹
171 2225 328 2296 credoque
351 2225 449 2295 scripta
465 2232 538 2291 sunt,
560 2223 618 2279 scio
637 2223 693 2294 jam
718 2228 778 2293 post
793 2220 972 2277 resurrectio·

172 2333 236 2376 uem
261 2318 416 2389 frequenter
436 2316 581 2373 videndum
603 2330 633 2372 se
657 2316 807 2386 incorpore
822 2314 973 2385 praebuisse

173 2411 267 2468 multis
277 2426 331 2466 non
354 2409 529 2466 credentibus
543 2425 551 2474 ;
565 2405 769 2475 censimum,
781 2423 834 2462 non
845 2407 895 2461 nisi
909 2421 973 2463 con·

175 2505 297 2561 trectatis
306 2503 364 2574 eius
376 2502 531 2559 vulneribus
545 2501 692 2568 credituro,
708 2501 778 2556 sicut
792 2502 829 2556 ait
845 2499 927 2556 :Nisi
939 2502 976 2554 ui·

176 2597 237 2652 iero
247 2595 283 2669 (e)
294 2596 321 2650 in
333 2594 451 2650 menibus
461 2594 563 2667 ejasll)
575 2595 686 2664 ficturum
696 2593 836 2665 clauorum,
848 2602 871 2649 et
883 2594 976 2648 misero

176 2688 286 2760 digitum
299 2704 384 2742 meunt
407 2687 435 2742 in
451 2685 536 2741 locunt
558 2687 700 2751 eleborum,
713 2696 736 2740 et
756 2686 856 2741 mittunt
872 2702 978 2739 aaronem

175 2796 260 2836 meunt
271 2780 299 2835 in
309 2781 376 2835 letus
396 2783 463 2854 ejus,
484 2794 535 2835 non
555 2779 656 2834 credam
670 2776 772 2850 (lcum,
790 2794 835 2846 rx,
850 2776 910 2850 25).
924 2778 977 2834 ho·

178 2875 269 2930 minus
279 2872 429 2929 adomncm
443 2888 474 2929 se
493 2872 681 2943 intelligentiae
697 2882 798 2929 nostrae
809 2871 979 2929 imbecillita-

178 2994 199 3061 ,ἱ
216 2992 256 3061 (l)
266 2989 423 3047 doteriores
434 2989 576 3054 editiones,
588 2991 709 3062 figurem.

1021 1854 1092 1911 oculi
1109 1854 1208 1909 mentis
1232 1862 1285 1908 torae
1300 1855 1467 1924 penetrantis
1493 1855 1656 1923 ingressum,
1673 1859 1700 1907 et
1712 1867 1774 1906 cnm
1789 1868 1822 1907 eo

1021 1948 1142 2004 clansam
1157 1947 1267 2002 domum
1284 1945 1467 2016 intelligentiae
1485 1954 1537 2000 tue
1552 1946 1625 1999 visus
1638 1944 1762 1998 introeat.
1784 1942 1826 1998 ln-

1024 2049 1097 2112 tcgra
1118 2048 1182 2096 sunt
1206 2039 1296 2095 omnia
1320 2049 1347 2094 et
1359 2038 1484 2094 obserata
1500 2057 1506 2092 :
1524 2036 1571 2094 sed
1584 2052 1645 2093 esse
1658 2037 1760 2091 assistit
1771 2051 1827 2091 rne-

1023 2133 1094 2199 dius,
1107 2133 1150 2189 etti
1165 2148 1212 2204 per
1224 2134 1352 2188 virtutem
1365 2147 1440 2188 suam
1457 2132 1581 2187 universa
1597 2141 1658 2186 sunt
1669 2130 1772 2202 pervia.
1787 2128 1829 2182 lu-

1023 2226 1177 2284 visibilihns
1191 2225 1385 2283 calumniaris:
1401 2239 1451 2297 ego
1464 2239 1479 2280 a
1493 2234 1518 2279 te
1534 2223 1681 2280 visibilium
1709 2235 1829 2291 exposco

1027 2321 1172 2376 rationem.
1199 2318 1270 2375 Nihil
1285 2318 1358 2375 cedit
1372 2333 1405 2373 ex
1424 2316 1522 2381 solido,
1544 2331 1632 2386 neque
1645 2329 1693 2385 per
1706 2324 1829 2368 nannoni

1029 2431 1107 2471 suam
1130 2413 1232 2486 aliquid
1249 2423 1384 2484 tamquam
1399 2411 1476 2481 lapsu
1492 2409 1645 2465 insensibili
1663 2409 1734 2478 ligna
1749 2418 1775 2462 et
1790 2408 1830 2460 la·

1029 2508 1106 2579 pides
1121 2506 1276 2564 admittunt.
1293 2505 1398 2576 Corpus
1411 2504 1547 2560 Dominio
1570 2517 1631 2557 sese
1656 2516 1710 2556 non
1726 2498 1830 2564 delicit,

1030 2612 1060 2657 ut
1086 2614 1146 2657 sese
1173 2608 1294 2656 resumat
1316 2613 1350 2654 ex
1376 2595 1600 2652 nilrilo:etunde
1616 2595 1660 2666 qui
1684 2593 1788 2649 assistit
1805 2592 1833 2646 in

1032 2694 1122 2751 medio
1133 2702 1175 2749 cst
1189 2694 1200 2747 i
1214 2690 1293 2748 Cedit
1306 2692 1339 2746 ad
1355 2690 1415 2746 baec
1429 2700 1457 2746 et
1481 2703 1578 2746 sensus
1592 2697 1621 2743 et
1631 2702 1734 2752 sermo,
1749 2693 1835 2741 etex-

1033 2794 1073 2841 ιιι
1085 2785 1217 2840 rationein
1234 2783 1379 2838 humanam
1391 2792 1433 2837 est
1446 2783 1545 2836 veritas
1560 2780 1634 2835 lacti.
1651 2777 1755 2833 idcirco
1768 2791 1835 2846 ergo

1033 2886 1062 2933 ιιι
1076 2876 1110 2932 de
1137 2877 1277 2931 nativitate
1298 2873 1331 2947 (i)
1356 2872 1484 2939 lallimus,
1498 2873 1572 2929 itaet
1584 2870 1618 2928 de
1632 2872 1769 2942 ingressus
1783 2869 1835 2924 lio·

1068 2991 1109 3066 (2)
1124 2991 1191 3059 Quia
1204 3000 1383 3062 compunctus.

182 3103 258 3236 ViSo)
282 3103 348 3160 Bad.
372 3112 400 3159 et
419 3104 479 3168 lin,
496 3103 604 3162 hereca.
629 3104 703 3178 Lips.
718 3113 746 3160 et
763 3105 837 3171 Pan,
858 3106 981 3161 herebat.
1037 3122 1133 3163 nemos
1153 3108 1263 3236 figurem
1278 3108 1410 3162 clavorum
1424 3106 1612 3162 consentiente
1624 3112 1732 3160 vetusto
1744 3104 1837 3161 codice

237 3176 380 3246 liquidem
404 3176 533 3232 Erasmus
558 3177 584 3232 in
606 3192 671 3232 mss.
687 3175 822 3231 hebaeros.
846 3176 924 3232 Unde
949 3179 982 3232 ad
996 3176 1019 3239 C
1035 3177 1112 3235 Cnlh.
1125 3195 1156 3233 ae

182 3265 258 3307 oram
275 3248 335 3302 libri
347 3247 500 3317 adscripsit,
509 3247 564 3319 Ego
579 3248 715 3320 legendum
724 3247 835 3303 arbitrer
846 3249 981 3315 habueras,

1195 3195 1262 3234 verni.
1286 3180 1361 3249 jtlxltt
1386 3193 1466 3247 graec.
1481 3178 1524 3232 τὸν
1546 3180 1628 3233 τύπον
1654 3177 1835 3235 sectricem

1035 3251 1097 3306 aliis
1110 3262 1200 3306 autem
1216 3251 1303 3312 iihris.
1321 3251 1442 3321 fixurum.
1455 3249 1514 3306 llos
1526 3251 1553 3302 in
1565 3263 1616 3303 ms.
1628 3246 1710 3303 Carn.
1726 3249 1837 3318 perlocu

184 3323 233 3377 hoc
253 3326 290 3373 est
306 3320 470 3373 censueras:
495 3329 575 3388 atque
598 3318 719 3388 opinioni
743 3319 814 3374 illius
832 3319 984 3375 Ludovicus
1035 3322 1179 3391 clauorum,
1194 3336 1243 3391 pro
1254 3323 1385 3376 inlocum.

184 3392 301 3464 hyraeus
322 3404 462 3459 perperam
474 3391 648 3459 subscripsit;
664 3406 725 3445 cum
742 3405 795 3446 non
812 3390 935 3458 ambigna
950 3391 985 3445 sit

185 3462 266 3519 lectio
281 3477 346 3515 mss.
371 3460 549 3530 inhaereant,
570 3477 618 3516 seu
638 3461 720 3527 unde,
736 3462 861 3516 crederes.
876 3461 921 3518 Sic
936 3463 982 3517 lib.

185 3549 234 3597 vn,
248 3548 275 3587 n.
291 3531 341 3587 bl:
358 3530 493 3588 Habueras
505 3534 532 3587 in
555 3534 715 3603 consessione
727 3548 824 3599 eorum,
837 3533 926 3603 quibus
941 3535 985 3588 de·

1074 3395 1109 3466 (s)
1126 3394 1207 3461 Editi,
1222 3393 1325 3446 inclusi.
1341 3394 1377 3447 ht
1397 3406 1462 3446 mss.
1474 3391 1527 3458 hic,
1542 3392 1568 3444 in
1583 3390 1681 3455 clauso,
1694 3400 1720 3446 et
1734 3389 1767 3443 ad
1781 3391 1838 3446 eol-

1036 3479 1095 3520 cem
1118 3465 1178 3519 libri
1207 3465 1233 3519 in
1260 3463 1459 3528 tloristanriurn,
1485 3464 1510 3517 in
1533 3477 1611 3532 quern
1627 3461 1684 3517 hac
1705 3460 1837 3518 translata

1036 3547 1111 3598 sunt,
1128 3550 1197 3590 tinus
1216 3533 1294 3590 Colh.
1318 3536 1437 3589 inclausi.
1461 3533 1519 3588 lant
1545 3534 1571 3589 in
1586 3549 1647 3604 cap.
1662 3533 1689 3593 ti,
1705 3532 1731 3587 io
1743 3533 1838 3591 hlatth.

185 3605 304 3660 smoierrte
324 3613 442 3658 vente...
461 3615 514 3660 eret
537 3605 654 3659 restitute
673 3606 902 3677 tranquillitatem
923 3615 945 3659 et
959 3615 985 3659 tu
1038 3625 1065 3663 n.
1083 3608 1129 3673 ts,
1156 3623 1188 3662 ex
1207 3621 1272 3661 mss.
1291 3607 1443 3661 restitutum
1459 3613 1509 3668 est,
1528 3605 1576 3671 Qui
1588 3608 1688 3675 [ructus
1700 3615 1736 3658 est
1748 3603 1838 3659 clauso

185 3692 273 3731 emunt
283 3673 333 3728 Der·
348 3675 430 3744 filiunt
445 3677 613 3747 confitereris,
626 3686 680 3732 ete.

223 3744 261 3817 (i)
282 3746 445 3801 Particulam
461 3757 614 3819 negantem,
629 3763 709 3818 quam
722 3747 821 3803 lrustra
837 3746 984 3802 sustulerat

187 3818 307 3890 Lipsius,
321 3816 364 3871 hle
379 3818 557 3874 restituimus.

224 3887 261 3962 (c)
274 3888 382 3944 Scilicet
397 3904 432 3943 ex
446 3890 505 3945 viro
520 3910 526 3944 :
544 3889 588 3944 red
612 3905 673 3943 curo
696 3905 798 3943 cernent
825 3887 984 3960 perlectam,

186 3961 378 4018 seuhominem
388 3975 480 4015 rernm
490 3971 516 4015 ct
524 3962 670 4033 perlectum
679 3962 734 4015 sine
742 3960 920 4014 elementorum
928 3977 988 4014 nos·

1027 3679 1179 3746 'inrpensonr
1191 3678 1296 3732 luminis
1312 3675 1464 3732 continere?

1074 3751 1101 3823 (p
1128 3751 1224 3805 Excusi
1257 3749 1301 3804 hic
1325 3748 1470 3816 subjiciunt
1496 3745 1681 3815 discipulorum
1714 3762 1836 3801 suorum:

1038 3838 1101 3893 quot
1126 3837 1213 3892 neque
1227 3820 1253 3874 in
1268 3835 1346 3875 sacro
1357 3827 1430 3874 testu
1441 3827 1539 3882 exstat,
1555 3832 1642 3886 neeric
1658 3818 1684 3871 in
1697 3831 1763 3872 mss.

1075 3892 1115 3965 (h)
1127 3894 1164 3948 lta
1192 3906 1257 3947 mss.
1274 3891 1346 3944 Editi
1373 3905 1446 3951 vero,
1462 3900 1486 3944 et
1499 3889 1609 3943 solidum
1623 3889 1750 3958 lipnorunt
1761 3897 1838 3941 iretu-

1038 3980 1096 4019 rom
1108 3962 1326 4029 impetretrnlrt'lnn
1341 3962 1505 4015 trrrnseurrit.

187 4041 286 4087 trorum
297 4030 396 4100 pudore
409 4034 523 4100 prouexit
537 4050 546 4088 :
559 4033 620 4103 quia
637 4032 762 4086 nimirum
775 4047 870 4085 omnes
884 4047 917 4086 ex
930 4033 988 4087 tiro
1076 4036 1108 4105 (i)
1126 4036 1209 4099 Editi,
1226 4034 1351 4105 suilirnur.
1368 4033 1477 4087 Rectius
1488 4030 1606 4099 potiores
1619 4042 1684 4082 rnss.
1698 4027 1814 4096 pellimus
1828 4047 1837 4083 :

189 4113 216 4160 et
227 4102 326 4158 semino
340 4105 430 4158 carnis
447 4104 519 4158 initia
538 4104 681 4158 tralrivuus.
697 4102 757 4158 Vid.
772 4103 819 4158 lib.
831 4119 858 4166 ι,
868 4119 894 4156 n.
904 4103 948 4169 55,
961 4114 989 4158 et
1039 4105 1119 4162 Carn.
1133 4106 1283 4178 fefellimus.
1300 4104 1363 4159 llaec
1376 4105 1447 4160 enim
1473 4102 1661 4158 hereticorum
1677 4099 1785 4154 viciniae
1798 4102 1836 4154 in-

187 4173 237 4229 lib·
262 4190 309 4237 ¹¹1.
335 4189 361 4227 n.
377 4174 421 4228 lb.
440 4175 514 4230 llunc
528 4184 616 4230 autem
629 4175 717 4229 locum
732 4189 792 4230 cum
808 4174 893 4228 altero
908 4184 986 4229 tract.
1039 4179 1192 4240 sinuantur,
1210 4177 1351 4230 veritatem
1376 4191 1456 4243 otram
1478 4188 1530 4229 non
1546 4170 1779 4240 comprehendunt
1793 4173 1838 4226 de·

189 4247 260 4317 psal.
274 4260 356 4324 nxvn,
371 4246 576 4301 conciliavimus
600 4246 626 4300 in
640 4245 712 4299 notis
732 4245 766 4299 ad
778 4245 904 4301 eumdem
919 4255 990 4300 trac·
1042 4249 1223 4303 trectantinur.
1252 4248 1414 4301 atrianorum
1435 4245 1548 4300 insinnare
1576 4243 1672 4298 rationi
1685 4256 1742 4296 sum
1759 4244 1839 4297 rtirtiis

189 4326 284 4372 tatrrm.
1041 4318 1207 4374 credentium
1222 4317 1340 4372 imitator
1354 4317 1492 4383 Calvinus,
1510 4316 1542 4370 iis
1558 4317 1608 4369 hac
1623 4321 1698 4383 parte
1712 4313 1839 4368 audacior·

226 4385 266 4458 (ιι)
283 4385 350 4440 lllud
365 4385 459 4440 destris
473 4387 507 4441 ita
523 4385 660 4441 Hilariano
674 4398 749 4439 more
763 4385 880 4455 positum
893 4395 946 4450 est,
962 4396 990 4442 ut
1041 4389 1101 4454 init,
1126 4389 1197 4459 quod
1222 4389 1247 4443 in
1273 4388 1363 4454 inan„
1378 4405 1424 4450 ιι,
1450 4389 1492 4453 lb,
1510 4401 1607 4456 negare
1632 4402 1685 4440 ιιιιιι
1707 4385 1835 4441 tlrrbitatit

190 4457 224 4514 ad
240 4458 391 4527 proximum
418 4458 529 4513 verbum
554 4472 604 4510 non
626 4457 772 4521 imminute,
795 4465 821 4511 ct
835 4457 868 4511 ad
893 4459 988 4514 subse·
1041 4458 1177 4529 Christum
1195 4461 1345 4530 perjanuas
1360 4460 1466 4514 clausas
1481 4459 1512 4512 ad
1528 4457 1673 4526 discipulos
1688 4457 1836 4510 transisse:

193 4544 278 4600 quiens
298 4529 427 4600 procrevit
440 4544 517 4598 aeque
532 4526 701 4582 reiciendum
717 4528 761 4593 sit,
776 4529 852 4594 nurtsi
876 4528 986 4584 habere·
1042 4532 1166 4587 eorueilit
1189 4540 1279 4586 tamen
1291 4531 1382 4601 jarruis
1400 4547 1462 4585 eum
1476 4546 1509 4585 eo
1527 4544 1607 4585 sensu
1621 4526 1720 4581 clausis
1736 4529 1838 4596 ingrcs-

189 4609 244 4663 tur‚
259 4602 317 4668 ipse
327 4599 359 4653 de
373 4601 427 4654 suit
440 4599 585 4670 pepercerit,
601 4599 715 4669 qtterrnis
737 4613 788 4652 non
807 4599 941 4654 irnminnta
956 4601 987 4654 de
1003 4573 1101 4657 I'sum
1114 4617 1174 4657 esse
1190 4620 1197 4666 ;
1212 4602 1284 4671 qrrrrd
1300 4618 1360 4656 eum
1380 4601 1478 4656 clausae
1490 4597 1590 4663 esseni,
1606 4599 1693 4652 :aditus
1709 4598 1745 4651 illi
1762 4607 1835 4665 pate-

190 4673 255 4727 atn's.
271 4669 316 4726 Sic
327 4681 415 4726 autem
431 4681 518 4742 polest
532 4669 643 4739 intelligi
654 4669 753 4724 desuis
768 4684 821 4723 nou
834 4671 984 4733 irnminula,
1042 4674 1126 4727 lactus
1142 4690 1194 4728 ιιοιι
1212 4672 1291 4728 luerit
1313 4691 1390 4726 arrunte
1410 4673 1530 4734 bomirn's,
1547 4669 1770 4742 epictrindtnodurn
1784 4667 1837 4723 Pe-

189 4746 251 4816 quia
269 4743 329 4799 scil.
345 4743 447 4812 integra
462 4753 489 4796 et
504 4740 605 4798 illibata
617 4740 769 4810 virginitate
791 4742 940 4809 generavit.
952 4745 987 4799 ht
1042 4755 1099 4801 trus
1110 4761 1125 4800 e
1135 4759 1245 4800 carcere
1258 4745 1394 4810 obserato,
1409 4744 1455 4798 sed
1467 4742 1555 4813 angeli
1569 4740 1717 4796 vrrinisteriu
1731 4749 1836 4806 aperto,

190 4815 261 4886 qrtod
291 4831 323 4869 ex
340 4812 390 4868 hac
404 4813 436 4869 B.
461 4813 578 4884 Virginis
602 4811 777 4883 generatione
791 4813 943 4879 deducitur,
959 4824 986 4867 nt
1041 4831 1167 4887 egressus
1188 4829 1237 4870 est.
1255 4815 1322 4870 Tum
1339 4817 1501 4883 papistnrum
1526 4815 1634 4867 trinnine
1658 4810 1839 4866 calumniatur·

188 4886 327 4943 credibilis
350 4884 395 4940 liat
416 4886 505 4942 Patris
529 4885 623 4939 eterni
651 4883 789 4953 generatio
812 4885 912 4954 absque
933 4887 986 4939 ullo
1040 4888 1190 4952 catholicis,
1205 4887 1383 4957 ideo,inquit,
1399 4888 1477 4940 aliter
1496 4883 1684 4944 sentientibus,
1700 4891 1728 4935 ιιι
1745 4898 1838 4949 corpus

190 4959 274 5028 ipsius
288 4958 399 5024 danum,
414 4971 556 5028 perperam
569 4956 677 5024 nitidam
689 4956 796 5022 raprirrnt
809 4957 840 5008 od
859 4955 987 5011 inlaruan-
1040 4960 1180 5031 gloriosum
1205 4975 1256 5012 oron
1278 4961 1351 5012 ruodo
1366 4957 1474 5010 reddant
1492 4956 1575 5009 simile
1599 4955 1712 5021 spiritui,
1727 4952 1772 5006 sed
1787 4955 1835 5004 irn-

190 5030 252 5086 dam
268 5029 362 5083 hilarii
388 5031 422 5084 de
436 5027 533 5083 Christi
553 5025 731 5096 conceptione
745 5028 916 5090 senientiam,
929 5029 986 5096 jnc-
1039 5046 1157 5085 rnenoum
1179 5046 1243 5088 esse.
1258 5029 1378 5099 stellaque
1403 5028 1459 5081 loco
1475 5027 1598 5081 contineri
1614 5025 1763 5079 obtineant:
1776 5038 1837 5077 curn

191 5110 304 5172 tantque
317 5115 378 5154 eum
392 5101 509 5155 sensisse
523 5097 661 5152 Christum
676 5112 708 5153 ex
725 5097 805 5151 ,ilaris
820 5097 883 5151 niliil
897 5113 988 5155 susce·
1040 5099 1102 5155 ideo
1116 5111 1218 5155 tantum
1232 5101 1310 5155 aliter
1323 5099 1449 5161 sentiant,
1461 5100 1523 5168 quia
1539 5097 1674 5152 luculenta
1689 5105 1751 5149 sitiit
1766 5094 1831 5150 Sori-

191 5175 275 5242 pisse.
293 5169 375 5238 Quasi
398 5185 462 5225 vcro
489 5185 542 5225 non
568 5169 593 5223 in
616 5168 667 5223 hnc
686 5170 802 5223 rrraxirue
823 5169 942 5224 instituta
954 5172 989 5226 sit
1039 5173 1227 5241 ploraret-ba.
1245 5181 1272 5226 et
1287 5185 1340 5224 urio
1365 5169 1472 5225 Petrum
1494 5183 1629 5223 rvrrvsensu
1648 5176 1725 5236 prout
1740 5177 1839 5220 sonant

192 5243 279 5313 ipsius
301 5239 563 5367 comparationuod
591 5240 661 5294 sicut
688 5238 811 5294 Christus
840 5255 872 5294 cx
898 5240 988 5297 ittarta
1039 5243 1186 5297 intellecta.
1207 5240 1278 5298 Sorte
1298 5242 1395 5296 frustra
1412 5251 1453 5295 est
1472 5240 1695 5302 Settltetus,eum
1716 5239 1838 5292 animum

194 5315 341 5370 substantio
353 5314 361 5368 i
375 5314 437 5368 laesa
460 5311 544 5383 ipsius
555 5311 706 5380 integritate
721 5320 799 5364 natus
811 5320 861 5371 est.
877 5312 911 5366 ita
925 5313 987 5370 abs·
1040 5312 1168 5368 inducere
1182 5321 1303 5376 certatur,
1321 5312 1450 5366 llilarinm
1469 5328 1482 5366 a
1497 5312 1609 5366 Calvino
1629 5324 1678 5363 siit)
1694 5323 1746 5362 uon
1758 5308 1838 5363 dissi-

192 5401 246 5454 quc
260 5386 346 5439 l‘ntris
360 5385 459 5439 damno
478 5399 510 5438 ex
534 5382 618 5454 ipsius
632 5382 782 5435 substantia
805 5385 928 5452 generari
938 5398 989 5455 po-
1041 5383 1114 5439 dcre.
1128 5383 1194 5452 eris
1209 5384 1279 5438 cuim
1302 5398 1355 5438 rron
1368 5383 1468 5449 videat,
1480 5384 1515 5438 ira
1537 5381 1610 5436 illruu
1628 5379 1707 5434 verba
1723 5394 1839 5450 evange·

192 5456 244 5510 tuit
255 5472 261 5516 ;
274 5454 409 5510 Christum
425 5473 457 5510 ιιι
471 5454 560 5509 Μιιιιι
571 5453 718 5508 substantia
734 5461 889 5522 generatum
904 5456 926 5509 si
940 5470 987 5511 ne·
1041 5455 1091 5512 lica
1117 5455 1292 5521 intellexisse,
1309 5466 1337 5509 ot
1351 5455 1487 5509 Christum
1513 5452 1605 5522 januis
1619 5451 1728 5515 chrisis,
1752 5452 1838 5521 iisque

192 5533 278 5598 garet.
293 5528 364 5581 nulla
392 5541 500 5595 prorsus
515 5537 586 5580 esset
613 5525 697 5594 ipsius
722 5524 800 5578 ratio.
826 5525 882 5581 Hoc
905 5542 986 5595 porro
1040 5542 1094 5582 non
1109 5543 1188 5583 manu
1203 5526 1289 5597 :angeli
1301 5535 1347 5580 aut
1360 5526 1448 5595 aliqua
1462 5525 1770 5595 onrrnpotenriarolima·
1783 5524 1838 5576 vir-

192 5611 254 5652 euvn
268 5599 418 5652 nullatenus
435 5613 532 5668 negare
545 5596 754 5651 evidentissimis
765 5599 931 5667 argumentis
943 5613 986 5654 os-
1040 5608 1096 5652 tute
1113 5599 1250 5663 reseratis,
1267 5597 1314 5654 sed
1329 5614 1389 5652 cunr
1406 5599 1504 5651 clairrsae
1518 5605 1719 5664 pernranereut,
1734 5593 1766 5646 ad
1781 5592 1838 5647 dis-

191 5675 297 5724 tensum
310 5675 351 5723 est
365 5669 390 5722 in
403 5665 711 5793 prelationcgenoralir?
726 5666 752 5719 l.
1039 5670 1143 5739 cipnlos
1159 5669 1287 5724 transisse
1300 5666 1456 5723 crediderit.
1471 5666 1530 5722 Non
1554 5669 1633 5722 aliter
1643 5681 1674 5720 ea
1701 5663 1838 5720 intellexit

229 5738 371 5810 (eiPlnres
383 5754 448 5794 ntes.
463 5741 489 5794 iu
506 5741 674 5811 otonesrjue.
714 5752 830 5794 umcum
845 5738 907 5794 Par.
920 5741 985 5797 retl-
1039 5737 1279 5812 longuenesse.
1295 5752 1410 5803 ceretu,
1434 5754 1462 5795 n.
1486 5737 1514 5805 θ,
1539 5737 1585 5794 ubi
1609 5735 1750 5794 Calvinum
1774 5751 1835 5792 cum
