3884 6136
193 233 245 288 ilii
685 232 718 288 tn
739 229 950 289 FRAGMENTA
971 235 998 289 S.
1022 232 1152 292 lllblltll
1181 230 1335 290 epissent
1796 233 1851 289 888

191 359 309 426 quaritus
320 360 362 409 eut
375 349 537 419 Ριιιιςιιιι
558 361 612 405 ιιι
637 348 757 416 aliunde,
771 348 819 407 sed
838 349 872 406 de
885 349 965 408 Patre
982 368 988 405 :
1004 351 1187 423 ,timaginem
1201 361 1389 409 cernerentur.
1414 350 1482 408 llam
1504 351 1603 409 ltlturn
1616 351 1678 424 quis
1690 352 1788 411 ridere
1802 368 1853 426 po·
1888 379 1893 387 ·

193 447 255 518 qnia
277 447 373 517 inquit,
399 445 437 501 lle
451 443 530 500 Patre
544 443 621 512 esini,
642 446 693 499 boo
715 453 767 507 est,
791 444 883 499 lumen
897 443 932 500 de
954 444 997 499 lu·
1048 448 1097 500 tuit
1120 454 1266 515 antequam
1283 444 1496 516 conspicabilem
1512 446 1653 503 materiam
1668 463 1732 504 eum
1747 448 1855 520 placuit

194 537 277 595 uritis.
291 539 367 608 Quod
382 539 403 592 si
416 537 500 592 lllirrm
511 536 599 608 (Apud
610 536 726 591 darbros.
741 536 792 592 bue
806 537 911 593 accedit
921 537 993 609 qnod
1046 538 1203 610 assumpsit,
1215 539 1258 596 rel
1268 539 1358 608 ipsum
1373 539 1510 595 bominem
1524 539 1637 596 induere
1647 540 1777 610 dignatus
1789 543 1854 596 esti

197 633 237 688 sia
252 630 349 703 tilium)
362 632 421 698 bei,
447 639 476 686 ut
487 633 542 701 jorn
558 631 660 686 dictum
676 641 728 696 est,
742 633 827 685 risum
844 647 858 687 a
873 631 995 702 patribus
1045 630 1112 701 Quoia
1134 643 1161 687 et
1182 632 1205 686 si
1228 623 1557 700 diminutiomem
1579 635 1606 689 in
1622 633 1708 689 lasura
1735 633 1850 690 brumanl

193 722 386 796 approbamus,
399 732 429 778 ut
441 739 495 778 nnn
508 732 594 779 totrun
607 723 635 777 in
656 722 702 778 illo
717 722 789 793 quod
805 722 854 779 bei
866 733 908 779 est
921 725 992 779 ride·
1045 725 1169 793 coepturis
1185 724 1259 780 risus
1279 732 1330 790 eal,
1352 740 1404 796 qus
1424 725 1459 781 de
1480 725 1540 796 ejus
1554 724 1641 782 iuerat
1655 742 1739 783 cartre
1760 728 1855 796 (Apud

196 827 273 875 retur
288 836 294 872 :
310 817 358 872 sed
374 816 567 886 dispruitiones
582 831 673 872 terrim
688 816 850 882 fulturarum,
864 831 924 888 quta
937 819 993 873 suis
1048 815 1164 871 Antros.
1182 832 1236 887 qua
1250 817 1310 873 scil.
1333 819 1479 888 postremis
1499 820 1666 890 ternpor'rbus
1689 820 1716 875 in
1737 820 1855 877 bonrine

194 907 347 980 quibusque
362 907 530 978 {emporibus
543 905 711 975 complendae
724 914 813 974 erant,
825 906 851 962 in
874 908 932 977 ipsu
945 923 994 978 per
1046 919 1177 964 rurrturus
1190 923 1250 965 esse
1260 910 1472 982 ostenderetur).

1586 1023 1849 1042 m

398 1197 402 1205 Ι
459 1132 460 1135 ¹
574 1090 655 1173 ou
691 1080 966 1175 russanum
1006 1092 1211 1176 paunus
1249 1092 1325 1175 us
1367 1025 1582 1176 unus*

659 1250 821 1314 CONTRA
842 1251 1083 1316 HAERETICOS
1104 1251 1225 1317 LIBER
1246 1253 1359 1317 UNUS.

234 1453 309 1508 llanc
322 1467 422 1523 qaoque
444 1451 536 1505 librata
557 1465 574 1503 n
597 1447 727 1503 badurico
746 1448 835 1502 Μίνωι
858 1462 890 1500 ea
908 1443 997 1498 Victo·
1048 1448 1141 1501 transit
1158 1450 1192 1504 ad
1211 1451 1257 1507 lib.
1270 1466 1327 1517 rtur,
1343 1451 1412 1506 sade
1426 1452 1538 1523 primunt
1551 1453 1692 1523 prontissis
1704 1453 1856 1521 uocabulis,

196 1549 255 1601 ιίιιιι
266 1545 417 1600 bibliotheca
430 1545 571 1615 talparum,
586 1559 601 1597 e
620 1541 692 1597 libris
711 1543 744 1596 de
757 1540 883 1595 Trinitate
897 1539 994 1607 conpa-
1049 1538 1158 1595 Fratres
1168 1541 1232 1605 mei,
1249 1542 1369 1598 exscribit
1380 1543 1435 1597 bec
1448 1559 1520 1599 num.
1538 1542 1582 1599 tl.
1594 1544 1660 1610 Qute
1673 1546 1779 1615 scripta
1791 1556 1857 1602 stunt

198 1649 253 1694 turn
267 1654 320 1693 esse
333 1638 432 1707 primus
451 1635 590 1690 obseruatis
608 1633 731 1689 Gillotius
743 1650 752 1688 :
766 1633 809 1704 qui
829 1632 901 1697 loeis,
915 1629 998 1700 equi·
1049 1630 1180 1702 legumus,
1196 1643 1223 1688 el
1237 1649 1298 1704 quse
1312 1634 1457 1707 legerimus
1471 1636 1652 1708 intelligamus
1667 1655 1673 1691 :
1690 1645 1714 1691 et
1728 1638 1773 1693 ubi
1787 1655 1857 1708 pcr-

162 1738 164 1745 ’
198 1732 245 1786 bats
259 1743 379 1786 centones
388 1729 482 1802 quique
493 1728 610 1783 distracti
624 1737 696 1793 strat,
712 1727 816 1788 notatis,
830 1737 923 1781 catera
936 1739 999 1794 sup·
1016 1725 1118 1825 Btierrit
1131 1725 1166 1779 url
1181 1727 1257 1781 uerba
1271 1744 1333 1782 nunt
1363 1727 1520 1786 wiltonia
1535 1731 1689 1800 qualrubet
1702 1731 1796 1799 Pater,
1816 1733 1859 1787 l‘i-

199 1819 302 1895 pressit.
323 1819 358 1876 Ει
371 1837 430 1876 uero
444 1821 500 1891 quis
512 1820 608 1875 nutrias
632 1819 748 1890 quaeritet
765 1818 926 1890 feculentos,
941 1831 999 1869 caat
1051 1817 1078 1872 lii
1093 1827 1175 1874 sunt:
1190 1830 1216 1874 et
1239 1822 1329 1875 otttuia
1345 1836 1405 1891 quac
1418 1820 1481 1876 Filii
1501 1831 1574 1888 sunt,
1597 1822 1685 1878 Patris
1704 1833 1781 1880 surrt.
1798 1825 1859 1896 lpse

198 1933 292 1990 purum
307 1915 449 1988 santemad
462 1930 569 1968 omnum
583 1913 698 1968 lrabeat?
1051 1910 1123 1964 errirn
1136 1911 1186 1974 uit,
1201 1909 1234 1965 Et
1250 1927 1310 1967 meu
1325 1913 1417 1968 onsnia
1431 1922 1477 1968 tua
1491 1921 1565 1981 sunt,
1581 1924 1609 1970 ct
1624 1926 1667 1969 ιιι
1683 1931 1744 1972 trteu
1759 1933 1767 1983 ;
1782 1920 1861 1972 oasit-

233 2008 365 2081 Loquitur
380 2007 566 2079 Erangelium,
580 2009 624 2078 qui
639 2022 693 2063 non
709 2003 871 2061 bonoribast
884 2002 997 2070 Filium,
1052 2002 1082 2056 tit
1105 2019 1164 2074 quoe
1188 2003 1220 2058 ab
1248 2004 1308 2058 bitte
1326 2006 1360 2060 ad
1379 2005 1492 2060 medians
1514 2022 1588 2061 uum.
1613 2006 1646 2062 bl
1669 2008 1860 2065 intercedunt:

196 2118 254 2163 non
274 2100 436 2158 bonorifieat
460 2100 571 2157 Patrem
591 2099 638 2171 qui
658 2099 732 2154 misit
755 2097 841 2153 illum.
866 2094 1000 2152 Conclusa
1051 2098 1120 2151 ande
1133 2112 1238 2153 tursum
1256 2098 1397 2155 exscribit:
1413 2098 1588 2157 vivificamur
1601 2116 1668 2172 ergo
1684 2112 1799 2173 propter
1820 2104 1862 2159 in-

197 2205 261 2252 sunt
276 2196 368 2250 nustria
387 2194 521 2248 aduersus
542 2191 663 2246 baeretici
680 2189 779 2245 luroris
795 2189 912 2261 ingenia,
931 2195 999 2253 etc..
1052 2187 1221 2245 habitantem
1237 2191 1265 2246 in
1288 2191 1368 2248 nobis
1386 2192 1519 2263 Spiritum
1530 2191 1646 2260 illusisti,
1668 2203 1737 2260 ete,
1754 2196 1791 2249 ad
1805 2197 1861 2252 lrec

199 2304 232 2345 ea
251 2287 296 2342 lib.
312 2303 349 2341 ιιι
361 2285 393 2340 tle
406 2284 481 2340 Trite.
501 2301 606 2338 anum.
625 2285 657 2339 sl
677 2294 732 2351 post
749 2283 874 2351 medinm,
897 2282 932 2336 ad
945 2285 1000 2336 ltus
1052 2299 1132 2353 usque
1147 2298 1218 2337 num.
1234 2282 1280 2339 ab.
1297 2283 1406 2340 babitus
1426 2283 1499 2340 enirn
1513 2285 1540 2340 in
1564 2285 1644 2340 nobis
1662 2286 1792 2343 Citrisluu
1808 2304 1816 2342 ι
1831 2297 1860 2343 et

199 2380 315 2454 ejusdem
336 2378 395 2433 libri
417 2393 489 2432 aum.
505 2376 549 2431 sl.
566 2375 601 2431 Et
618 2376 680 2447 quia
702 2374 835 2430 caluntniu
855 2374 919 2430 dicti
933 2385 1001 2429 tant·
1054 2376 1194 2432 babilonie
1214 2376 1325 2433 Cltristn
1341 2376 1444 2433 nubitur
1458 2377 1539 2435 Dens.
1563 2377 1673 2435 Detnstns
1688 2378 1799 2450 reliquis
1812 2381 1862 2434 ltu·

198 2488 280 2544 quarn
296 2472 440 2527 insolentis
455 2469 610 2534 exsisteret,
632 2477 662 2522 ιι
683 2468 877 2524 eorrseientiurn
895 2468 1001 2538 (potun-
1049 2471 1096 2542 jus
1106 2469 1208 2523 numeri
1220 2469 1303 2524 serbis
1316 2471 1427 2537 omissis,
1440 2481 1571 2540 conrparet
1586 2471 1690 2524 initiunt
1702 2472 1859 2537 tiamsi,

200 2564 277 2632 tiam)
291 2564 381 2636 partius
405 2573 509 2618 naturae
524 2562 736 2617 demonstraret.
757 2560 857 2626 Quibus
878 2559 1001 2615 subnectit
1053 2576 1104 2628 quo
1117 2570 1169 2615 toto
1188 2577 1219 2615 ac
1232 2560 1400 2629 subsequente
1411 2566 1466 2635 iere
1488 2571 1541 2617 tota
1563 2561 1706 2633 descripto,
1726 2563 1861 2617 clauditur

199 2668 291 2713 auctor
304 2655 361 2712 boec
374 2671 446 2710 nunt.
462 2655 507 2712 33.
524 2653 559 2710 ln
576 2653 718 2709 erudiamus
732 2668 795 2708 euin
809 2669 917 2709 ornnem
939 2652 1002 2708 diei
1055 2651 1117 2707 libr-r
1136 2654 1175 2708 luis
1196 2653 1298 2709 uerbis:
1314 2653 1343 2712 Si
1359 2671 1425 2711 uero
1444 2671 1494 2727 per
1508 2655 1666 2726 adoptivum
1691 2671 1794 2712 uonrun
1817 2657 1860 2714 bic

201 2748 283 2822 buiris
295 2749 479 2821 cognitionem
496 2749 637 2822 llpnstolis
658 2749 824 2804 revelantem
840 2766 847 2802 ι
861 2747 898 2802 ait
916 2748 1002 2814 enim,
1054 2747 1181 2804 dominus
1203 2762 1254 2814 est,
1270 2747 1374 2814 Spiritu
1397 2757 1492 2806 anneto
1515 2763 1613 2806 caserta
1633 2750 1732 2820 spiritu
1756 2752 1861 2806 errans

201 2843 259 2914 Ego
270 2857 331 2899 sum
345 2843 387 2898 ria
404 2852 430 2898 et
448 2842 550 2897 ueritas
565 2853 593 2897 et
614 2841 680 2905 vitu,
697 2840 826 2912 nisiquad
841 2856 887 2909 pro
902 2840 935 2895 iil
956 2854 1003 2895 uu·
1055 2840 1203 2907 animaris;
1218 2841 1280 2910 quia
1305 2857 1386 2898 tremo
1405 2842 1456 2898 nisi
1472 2843 1498 2898 in
1521 2842 1624 2913 spriritu
1644 2853 1743 2899 saneto
1767 2843 1860 2899 bonai·

201 2934 328 3000 diunius,
353 2934 427 3004 ponit
451 2933 515 2989 surdi
535 2951 542 2989 ι
566 2951 597 2988 ae
623 2934 786 3005 prosequitur
811 2949 893 3003 usqae
915 2933 1003 2988 istlnuc
1055 2950 1119 2990 num
1132 2935 1224 2991 lesum
1237 2945 1327 3005 potest
1336 2935 1428 2993 dicere
1445 2936 1554 3006 :quibus
1568 2946 1659 2993 auctor
1670 2937 1768 3011 adjecit
1778 2940 1855 2994 duas-

200 3043 274 3082 num.
290 3025 335 3091 ds,
350 3036 379 3083 ut
399 3026 442 3083 bic
456 3026 563 3081 bomini
584 3041 674 3082 sermo
688 3034 858 3096 sequeretur,
871 3024 930 3082 Non
944 3040 1004 3081 ere·
1055 3037 1137 3095 ιιιιι,
1152 3030 1214 3101 quio
1227 3029 1285 3100 ipse
1300 3039 1429 3101 operatur
1443 3029 1536 3085 omnin
1549 3029 1578 3085 in
1596 3030 1736 3088 omnibus.

199 3119 265 3177 ditis
279 3121 407 3190 quoniam
428 3135 479 3190 ego
500 3119 528 3174 in
543 3118 633 3184 Putre,
656 3128 684 3176 et
707 3119 788 3175 Pater
801 3120 828 3175 in
848 3120 911 3176 rue?
933 3110 1038 3174 HiaeC
1524 3112 1527 3116 ’

719 3298 1006 3404 MONITUM
1039 3301 1340 3409 EDITORIS.

237 3438 287 3494 llic
299 3436 463 3494 ineditione
477 3436 639 3504 Veronensi,
654 3451 734 3509 quam
746 3436 910 3504 recudimus,
925 3451 1001 3493 uren·
1054 3440 1112 3495 sire
1123 3440 1327 3513 chronologiam
1351 3443 1413 3499 sive
1425 3441 1505 3499 etiam
1521 3440 1627 3497 illarum
1642 3448 1751 3496 textum
1773 3448 1862 3497 atterr-

201 3530 276 3586 tione
296 3528 365 3585 laeta
384 3529 418 3585 de
437 3528 542 3586 duabus
564 3528 687 3598 epistolis
708 3527 807 3583 Hilarii
825 3530 860 3583 nd
879 3529 1002 3601 Augusti·
1054 3533 1127 3591 denti
1142 3533 1218 3608 (Viri.
1233 3532 1300 3608 Opp.
1312 3535 1381 3608 Aug.
1394 3544 1412 3590 t.
1427 3549 1447 3590 tt
1461 3553 1506 3608 pp.
1516 3532 1598 3589 diser
1611 3532 1859 3606 illil'lrtost.edit.);

201 3639 262 3680 nuru
281 3623 429 3694 irrueriptis,
445 3622 568 3694 seqnitur
583 3622 763 3694 fragmentum
778 3625 884 3678 tilulum
900 3625 1004 3681 babens
1054 3640 1105 3682 nec
1118 3624 1196 3682 Fides
1208 3625 1311 3683 Maniai
1324 3628 1369 3683 alii
1382 3642 1461 3698 quarn
1476 3625 1626 3699 percelebri
1635 3628 1772 3681 monarbo
1784 3626 1861 3698 ouius

201 3714 343 3788 praeliantur
359 3709 440 3771 Fides
463 3715 577 3770 Aletrini.
600 3714 701 3771 llorurn
723 3731 787 3773 teto
813 3726 1004 3772 monumento·
1055 3717 1164 3774 artimino
1187 3718 1340 3789 insignitur,
1354 3717 1437 3774 saluis
1451 3716 1552 3773 critica·
1567 3716 1678 3788 regulis,
1702 3716 1860 3789 adjudicari

199 3823 260 3864 rum
273 3817 397 3865 neutrum
409 3824 442 3864 eo
453 3807 506 3865 luci
518 3807 651 3866 ‘recudere
666 3807 820 3877 debuimus,
840 3808 1005 3881 quiandoqui·
1054 3822 1146 3883 queat,
1157 3811 1365 3884 autaliasquam
1381 3812 1452 3868 inter
1462 3809 1547 3884 ipsius
1560 3809 1649 3882 opera
1663 3811 1862 3867 convenienter

200 3900 263 3956 dem
284 3916 333 3957 nec
355 3901 518 3972 supradictas
531 3901 653 3971 epistola
667 3901 701 3957 ad
720 3903 866 3959 ductorem
882 3910 1003 3959 nostrum
1054 3904 1192 3961 collocari.

202 3992 355 4065 pertineant
375 4003 422 4049 aut
444 3993 581 4065 pertinere
595 3994 710 4064 possint,
734 4004 764 4051 ιι
785 3997 883 4067 carique
897 3994 1000 4066 patebit

207 4099 1847 4136 w

610 4229 619 4243 ’
727 4246 1046 4354 nicoeni
1108 4247 1348 4353 Fanni

301 4457 389 4581 tn
436 4455 993 4635 FRAGMENTA
1043 4459 1362 4592 sunem
1413 4457 1764 4592 niduari

863 4684 1187 4769 PRAEFATIO.
1305 4658 1309 4663 ’

237 4816 307 4873 llaic
340 4816 420 4888 Operi
443 4825 543 4872 tanturn
560 4817 702 4889 adjecimus
730 4820 834 4875 statulae
858 4820 892 4874 ad
917 4821 997 4874 imaro
1014 4827 1223 4889 Dsururssntu,
1236 4821 1305 4878 beati
1318 4820 1412 4879 llilttrii
1428 4823 1594 4880 Pietarensis
1608 4826 1730 4897 episcopi
1758 4827 1878 4888 librum.

199 4911 323 4986 papinum
349 4912 485 4982 ascriptas.
496 4909 562 4966 Cam
576 4922 662 4968 auum
675 4924 810 4968 auctorum
824 4914 901 4970 uerba
913 4918 999 4970 cs'cer·
1052 4928 1068 4969 a
1080 4915 1138 4968 tiro
1159 4913 1299 4980 doctrina,
1321 4915 1478 4985 prudentia,
1506 4932 1667 4990 morumque
1701 4921 1863 4995 integritate

201 5018 262 5076 pere
273 5003 336 5057 satis
349 5002 478 5058 habuisset
494 5001 590 5071 Faber,
615 5020 660 5059 aec
673 5014 788 5060 curasset
803 5016 893 5061 notare
906 5023 956 5075 prro
970 5023 1002 5061 ea
1054 5006 1222 5071 masirnn,l’.
1234 5007 1620 5081 Pitboeosrtprema'roluntate
1629 5012 1767 5083 relictum,
1777 5033 1864 5074 mete·

199 5094 266 5150 libro
279 5111 310 5149 ea
324 5095 502 5165 eacuprtsscr,
511 5095 670 5150 commodius
678 5097 760 5152 uisura
771 5108 808 5152 est
817 5100 1000 5154 lristoricoruur
1053 5114 1106 5170 que
1131 5099 1212 5167 lidei,
1229 5109 1258 5154 nt
1278 5100 1383 5156 arrlrdus
1398 5099 1432 5156 ad
1447 5113 1474 5158 te
1489 5106 1668 5174 perueniret,
1694 5105 1723 5163 id
1739 5111 1862 5167 estsine

197 5201 333 5241 sacrarum
348 5187 418 5241 lacos
442 5187 584 5241 secundum
608 5187 733 5243 editiones
759 5187 862 5258 Valerii,
885 5192 1001 5260 maratis
1054 5192 1108 5248 tilla
1119 5192 1283 5249 deductione
1298 5201 1325 5249 et
1339 5210 1420 5264 quam
1442 5199 1547 5266 optimo
1569 5198 1632 5268 jure
1651 5199 1725 5272 apud
1739 5210 1859 5260 testato·

200 5278 290 5336 Fabro
302 5281 457 5351 posteriores
472 5280 597 5334 indicare.
1054 5302 1128 5355 rem,
1153 5286 1203 5343 luit
1216 5287 1405 5343 commissum.
1419 5289 1517 5346 llunrrs
1527 5291 1619 5357 est„si
1630 5290 1696 5348 salis
1714 5309 1858 5367 numeres,

1054 5396 1108 5437 nun
1121 5381 1199 5436 ualde
1215 5395 1353 5452 magnum,
1380 5381 1429 5439 sed
1453 5383 1478 5439 si
1498 5385 1620 5441 auctoris
1635 5384 1798 5458 dignitatem
1811 5433 1819 5457 ,
1834 5392 1858 5448 si

1054 5473 1137 5531 latum
1163 5473 1236 5543 libri,
1256 5475 1279 5531 si
1301 5475 1340 5533 rei
1353 5473 1389 5532 de
1402 5491 1454 5547 qua
1469 5486 1568 5534 tractat
1581 5482 1745 5549 gravitatem
1761 5487 1856 5541 corrui·

1052 5566 1146 5634 deret,
1170 5568 1316 5638 eittsrnndi,
1340 5581 1370 5626 ιι
1391 5584 1445 5626 uon
1468 5563 1689 5644 acceptissimum
1715 5591 1780 5634 esse
1808 5597 1857 5635 nc·

1051 5672 1143 5734 queat.
1160 5661 1218 5719 Tibi
1234 5664 1306 5719 enim
1331 5664 1453 5720 omniurn
1468 5665 1673 5736 disciplinarum
1688 5684 1793 5740 genere
1810 5673 1853 5729 in·

235 5735 262 5791 l.
295 5734 378 5803 Quale
399 5735 448 5794 boc
463 5736 546 5809 Opus.
560 5769 596 5783 -
607 5738 679 5798 Ecce
691 5741 740 5801 tibi
749 5743 879 5837 restituo,
893 5761 999 5805 erasm
1050 5754 1597 5824 utrucrtasiruu,Gallicasalutisretrudis
1607 5761 1851 5833 amantissimum

234 5414 394 5472 clarissimo
412 5415 472 5471 uiro
487 5414 547 5471 lau.
568 5413 694 5473 lucusta
713 5415 827 5475 Tunnuo
841 5418 916 5477 Sacri
932 5434 1000 5478 eon·

197 5509 494 5576 uiutnrilcnnsiliario,
511 5509 683 5582 senatusque
702 5512 865 5570 Parisiensis
885 5515 998 5573 Prasidi

198 5600 361 5660 doctissimo
379 5614 460 5676 atque
472 5604 694 5675 prudentissimo,
706 5606 841 5666 Nicotaus
853 5607 954 5668 Fauen.
964 5611 995 5669 S.
