3884 6136
137 195 190 253 atr

730 192 856 251 sitiet!
876 190 1006 253 lttlttltlt
1025 195 1179 252 putschii

1736 199 1786 253 (ιιι

135 330 216 388 qoam
245 314 351 371 actibus
371 313 438 371 suis.
463 313 501 387 (a)
525 312 582 368 lloc
600 310 691 383 ioque
709 309 788 368 aretas
805 310 934 381 queniam
948 314 1055 383 Agens
1069 322 1095 367 et
1107 310 1186 393 Ossia
1201 309 1321 377 laterum,
1336 319 1366 367 ot
1379 310 1415 367 de
1433 323 1484 367 soa
1496 320 1571 368 cteta
1582 310 1727 367 damoetae
1738 328 1786 369 ex·

135 425 282 481 nurnttuam
293 410 397 479 recepit
404 407 590 465 ecclesiastica
599 405 757 477 discipliuar
766 419 935 475 quaeamus,

135 502 308 560 dilectissimi
318 501 438 567 Fratres,
448 507 476 554 ιιι
484 499 647 555 sceleratam
657 497 803 567 perniciem
812 503 937 553 curtatus·

136 612 191 667 que
202 593 358 651 otottilerus
372 593 540 664 perditurum
551 591 692 649 uobiscum
703 592 784 648 ctiam
797 591 849 663 ipsi
859 590 936 646 datu·

137 691 218 746 netis.

174 783 218 839 lb.
236 780 318 847 Quot
337 781 521 835 renuntiantes
537 794 595 831 cunr
610 778 644 835 iia
660 793 725 849 quas
739 777 935 833 damnaveram.

137 903 173 917 -
185 874 292 929 Etenim
312 887 374 928 cum
390 871 478 927 udltuc
497 878 571 928 esset
589 869 734 939 episcopos
754 870 938 933 htlraoasius,

985 408 1137 472 ciudctcot,
1148 422 1235 478 ireque
1244 406 1431 476 peccmaribos
1438 409 1680 463 communicarem:
1690 406 1788 466 deirtdu

986 518 1038 559 urta
1061 503 1204 559 uobiscum
1222 501 1346 557 audirent
1365 517 1408 567 ea,
1430 515 1491 572 qtae
1512 501 1668 572 apartibus
1688 501 1790 558 nostris

987 603 1080 652 cantra
1110 595 1185 665 ipsos
1215 594 1241 650 ia
1261 595 1428 665 praeteritum
1449 593 1553 649 lucratu
1571 593 1692 664 judicata
1717 594 1789 665 tuam

988 690 1057 747 liber
1071 689 1187 745 Marcelli
1202 704 1256 743 uon
1269 688 1445 758 exspectabat
1458 688 1661 743 accusationem
1675 728 1683 752 ,
1699 701 1750 756 per
1759 701 1791 742 se

988 782 1061 837 enim
1079 788 1173 850 aperte
1186 779 1330 836 haereticus
1343 777 1516 851 auscultator)
1529 796 1536 833 ε
1552 788 1579 834 et
1591 794 1626 834 oe
1637 777 1715 833 taleis
1729 792 1792 848 sug-

989 873 1156 944 gestionibus
1170 873 1313 928 crederent
1326 914 1333 937 ,
1348 872 1384 944 (et
1400 888 1453 926 ιιιιιι
1465 886 1559 927 earnm
1573 871 1716 942 pruisquam
1732 884 1793 940 pra·

137 968 280 1036 asclepam
295 966 448 1034 depositum
461 978 509 1019 sua
522 962 656 1019 sentottria
671 962 729 1033 ipse
741 961 778 1036 (t)
791 962 936 1018 datooarit.
991 966 1130 1023 vissimum
1146 975 1265 1021 arentem
1280 972 1391 1036 propter
1407 966 1495 1020 locum
1510 963 1682 1034 episcopatus
1695 963 1793 1017 aliseo-

140 1060 192 1117 Scd
206 1067 234 1115 et
248 1057 391 1114 Marcellus
407 1057 534 1112 similiter
550 1071 697 1125 numquam
716 1055 938 1110 communicavit.
993 1070 1066 1115 rant.
1083 1059 1119 1114 ht
1135 1059 1180 1113 illi
1201 1067 1295 1114 contra
1319 1057 1376 1112 hac
1393 1056 1574 1112 resistebant:
1597 1069 1651 1121 pua
1674 1056 1792 1122 retiario,

139 1154 238 1209 Paulos
250 1167 317 1209 ret-c
328 1152 466 1207 tltlraoasii
482 1149 644 1219 expositioni
656 1147 791 1214 ittterloit,
805 1163 942 1219 marioque
991 1153 1137 1209 nescimus.
1154 1152 1208 1207 h'ec
1222 1167 1251 1206 se
1266 1150 1408 1205 votuerunt
1420 1149 1456 1204 ah
1469 1150 1589 1219 ipsorum
1600 1148 1795 1203 commuuione

140 1248 250 1319 propria
265 1247 427 1303 sententiam
441 1245 576 1312 scribens,
589 1258 650 1298 cum
661 1243 770 1298 caeteris
783 1257 844 1298 cunt
859 1242 941 1297 etiem
992 1261 1147 1312 secernere,
1165 1244 1358 1299 eotrhrtnaotcs
1369 1242 1489 1299 llarcelli
1501 1242 1622 1298 lauretici
1634 1251 1753 1296 metam:
1766 1248 1796 1295 et

140 1342 197 1408 ipse
210 1341 360 1395 damnarit.
374 1339 409 1393 tir
422 1337 549 1409 quantillo
560 1339 676 1407 quisque
687 1351 781 1392 eorum
796 1337 943 1406 episcopus
993 1338 1113 1394 tacinora
1129 1337 1270 1393 Athanasii
1284 1343 1499 1405 caeterorumque
1511 1335 1616 1391 scclera
1630 1333 1695 1390 tadei
1707 1333 1795 1389 cccle-

140 1434 199 1498 luit,
223 1448 270 1489 sno
285 1432 386 1502 judicia
404 1430 585 1487 confirmarit.
608 1428 662 1486 Sed
682 1444 743 1486 cum
767 1428 885 1485 dirersis
905 1443 941 1484 er
993 1433 1109 1490 siasticae
1124 1431 1237 1501 pat-imre
1252 1429 1457 1502 praeponebant.

140 1528 230 1584 causis
249 1526 420 1595 dirersispue
441 1524 610 1597 temporibus
629 1524 728 1595 singuli
748 1539 844 1579 corum
862 1524 943 1594 digne
1031 1526 1064 1582 tu
1089 1526 1137 1582 llis
1150 1524 1377 1595 itaauccogoitis,
1390 1537 1440 1578 tros
1454 1523 1592 1594 octoginta
1607 1521 1643 1596 (t)
1657 1521 1792 1592 episcopi,

141 1621 176 1678 dc
203 1620 325 1677 Ecclesia
347 1620 405 1675 suis
428 1634 477 1689 pro
498 1618 602 1674 tueritis
621 1616 797 1687 pellerentur,
813 1617 942 1685 ittajurem
994 1621 1039 1692 qni
1054 1628 1165 1690 propter
1180 1634 1272 1689 pacem
1285 1617 1497 1673 confirmandam
1512 1616 1688 1673 Ecclesiaet
1703 1613 1794 1670 direr-

141 1713 317 1769 concordiam
346 1726 399 1769 uoa
422 1712 624 1780 conspiratione
643 1710 787 1775 lecerttut;
810 1709 942 1764 tloaaotes
957 1713 982 1774 Β
995 1715 1032 1770 sis
1053 1714 1260 1783 longinquisque
1288 1712 1436 1784 prorimiis
1458 1727 1519 1767 cum
1546 1711 1646 1784 ingenti
1666 1709 1742 1767 esito
1768 1717 1796 1765 et

141 1805 191 1860 sihi
206 1806 320 1877 quisquc
333 1803 451 1871 delicta,
473 1819 533 1875 quau
551 1818 613 1859 cum
629 1803 750 1874 episcopi
765 1811 873 1870 esseut,
892 1816 942 1874 pru
993 1806 1087 1864 lalmre
1105 1807 1139 1862 ad
1162 1805 1303 1863 Serdicam
1324 1819 1506 1871 veneramus,
1528 1804 1652 1860 ridentes
1666 1803 1727 1860 brec
1742 1816 1796 1859 oen

141 1899 303 1955 auctoritate
316 1896 406 1953 divina
417 1896 590 1954 damnarunt.
994 1901 1053 1956 sioc
1068 1899 1195 1971 lacrymis
1209 1896 1372 1953 serebamus.
1384 1897 1455 1953 bere
1465 1898 1539 1953 euim
1550 1911 1604 1953 oon
1615 1904 1687 1961 erat,
1698 1895 1797 1967 qtrode

179 1992 222 2048 ll.
238 1990 403 2047 sardicensia
413 1990 517 2046 canaitii
531 1991 618 2046 initia.
633 2016 669 2031 ·-
681 1989 803 2059 Namque
813 1988 942 2058 antoniam

142 2084 310 2141 Athanasius
327 2085 354 2140 iu
374 2083 477 2140 ltaliam
495 2092 524 2141 ct
544 2083 659 2141 Galliam
675 2098 792 2155 pergens
807 2083 857 2139 sibi
871 2082 945 2153 jodi-

143 2178 216 2232 clom
227 2176 419 2246 cotttparatit;
436 2186 496 2245 pust
510 2185 624 2233 otettcm
635 2176 789 2247 aliquinum
802 2184 945 2231 accusatu-

143 2287 214 2338 rotn,
228 2272 351 2335 testium,
363 2270 548 2340 italicumque,
559 2279 587 2325 ct
597 2270 712 2325 credidit
723 2284 804 2339 posse
813 2284 843 2326 sc
855 2269 945 2326 denua

144 2375 267 2434 tempore
279 2364 383 2428 attdiri,
400 2362 472 2432 quod
487 2363 546 2433 ejus
560 2360 661 2432 ltagitia
677 2372 798 2416 vetustas
814 2363 945 2432 temporie

143 2457 312 2513 obscuraret.
330 2456 379 2511 Cui
393 2470 555 2511 cuttsettsoot
572 2455 775 2510 commodantes
790 2470 844 2510 oon
859 2463 943 2522 recte,

143 2548 228 2605 lolius
252 2550 327 2604 urhis
349 2550 443 2604 liotore
464 2548 616 2619 episcopos,
643 2547 776 2602 hausturus
807 2546 944 2618 (flatiani-

144 2657 196 2697 uus
206 2638 324 2714 Treuir.)
334 2651 364 2696 ct
375 2639 636 2710 tlssius,cacteriooe
646 2638 945 2708 comploresipsorom,

144 2736 290 2792 castellium
304 2734 375 2803 apud
390 2733 529 2792 Serdicam
548 2733 607 2788 lteri
629 2733 849 2804 eximperatoris
871 2732 948 2789 betti-

994 2008 1024 2049 sc
1037 2008 1085 2050 eos
1098 1991 1238 2048 dimittere
1247 1991 1358 2047 cornino
1369 1989 1515 2060 negabant,
1527 2004 1595 2060 quos
1605 1996 1698 2060 putres
1711 1987 1797 2044 nostrl

995 2087 1095 2143 nteritu
1105 2087 1162 2144 suis
1178 2099 1229 2156 pra
1242 2084 1401 2141 criminibus
1413 2093 1477 2140 atate
1489 2083 1665 2140 damnarunt.
1686 2080 1735 2139 llis
1747 2082 1798 2137 ite·

995 2198 1048 2254 que
1058 2181 1260 2238 cornnrttuicatc
1275 2180 1352 2237 oetas
1368 2179 1510 2245 durituos,
1525 2193 1616 2248 oenoe
1630 2192 1695 2234 coro
1708 2176 1798 2247 prate·

996 2279 1038 2333 uis
1061 2276 1196 2332 voluimus
1219 2285 1312 2331 sattcta
1337 2274 1442 2329 bitorini
1468 2283 1636 2329 sacramenta
1660 2272 1797 2337 miseere,

996 2371 1137 2426 tetrantes
1158 2377 1186 2423 ct
1210 2378 1334 2424 tenentes
1362 2368 1482 2439 regrrlam
1505 2365 1701 2423 ecclesiasticae
1718 2365 1799 2420 disci·

997 2465 1087 2534 plina.
1108 2463 1175 2520 Nam
1190 2473 1217 2518 ut
1232 2463 1400 2533 supradictas
1418 2462 1525 2520 Ossium
1538 2475 1554 2516 a
1565 2476 1596 2517 se
1607 2454 1798 2530 Protogeoem·

996 2573 1050 2629 qttc
1061 2573 1114 2613 ιιοιι
1125 2557 1301 2623 dimitterent,
1318 2555 1356 2628 (p)
1367 2555 1532 2612 conscientia
1544 2557 1615 2611 lacte
1624 2555 1707 2622 atala,
1716 2553 1797 2628 657

997 2665 1078 2720 quattu
1092 2649 1143 2704 sihi
1157 2664 1252 2704 corum
1264 2646 1572 2718 oausauisquedebebat
1587 2646 1684 2703 ntideri
1696 2648 1798 2717 aliquo,

998 2759 1078 2815 qoam
1093 2745 1125 2799 ad
1142 2743 1229 2813 piatam
1243 2742 1301 2799 lieri
1316 2758 1480 2813 magnopere
1491 2727 1720 2812 pertimescebant
1731 2759 1739 2795 a
1751 2756 1800 2797 nec

144 2829 529 2902 tibilfflfflssffifflllfflil'll·
538 2827 751 2883 ⁰⁰⁰¹¹¹⁸f¹¹¹¹¹¹³⁹d
762 2825 949 2883 Seidlfflffllil·
998 2839 1038 2894 sic
1052 2842 1078 2894 io
1094 2853 1142 2894 eos
1155 2837 1272 2893 audehat
1287 2852 1381 2893 carum
1396 2836 1497 2908 aliquis
1508 2836 1674 2892 sententiam
1687 2836 1799 2901 dicere,

145 2922 211 2978 ῑθῐῑθ
221 2921 533 2990 imllffl'll‘llsswillemi·
549 2919 607 2989 0¹⁸⁰
617 2919 947 2986 ⁰¹¹¹¹¹l2¹¹¹⁸⁵0¹¹ffl⁵ttfitfi·
1000 2947 1034 2987 uc
1048 2940 1074 2986 ct
1086 2946 1116 2986 se
1132 2931 1191 3001 ipsc
1203 2926 1355 2994 damnaret,
1370 2928 1441 2998 atiud
1457 2929 1617 2984 illltcoatra
1628 2927 1799 2984 interdictum

145 3013 266 3071 citttttsltt
278 3013 367 3069 media
376 3013 494 3069 ecclesia
508 3012 696 3079 Athanasium,
709 3012 876 3080 Marcellum,
886 3029 946 3070 ont·
1000 3023 1262 3090 communicassent,
1284 3021 1381 3091 quihus
1394 3020 1596 3077 communicare
1610 3019 1688 3081 ppllp
1700 3032 1799 3090 genere

145 3122 194 3162 aes
214 3107 361 3163 sceleratas
384 3106 492 3162 comitii
510 3107 647 3163 setttentid
668 3109 776 3175 pulsos,
797 3117 826 3163 et
848 3104 982 3169 metitoC
997 3124 1146 3186 oporteret.

145 3198 266 3269 singulos
280 3213 330 3269 pre
339 3198 397 3253 sois
410 3198 577 3254 laciootihos
592 3199 804 3269 taradamuatos,
820 3215 881 3256 coto
894 3200 948 3256 θι-

146 3292 187 3346 sio
201 3302 228 3346 et
243 3291 395 3362 Protogene
411 3290 508 3347 sedere
529 3292 650 3349 simulet
667 3292 820 3364 disputare,
835 3292 948 3364 ecquod

146 3394 189 3441 cst
201 3385 333 3451 deterius,
350 3385 442 3441 dirioa
456 3388 584 3459 mysteria
598 3388 748 3444 celebrare.
764 3386 820 3444 Nec
833 3388 950 3445 cottion·

146 3479 261 3535 debatur
271 3479 437 3551 Protogenes
453 3481 578 3537 serdices
588 3481 734 3552 episcopos
746 3484 949 3540 communicare

145 3571 272 3627 llarcetlo
284 3571 424 3640 ltmretico,
439 3574 517 3643 cuius
529 3583 557 3629 et
569 3586 671 3630 sectant
683 3584 712 3629 et
726 3576 872 3645 reprobum
884 3590 948 3631 seo·

146 3683 217 3734 stun,
230 3665 258 3720 in
278 3667 395 3723 concilio
420 3666 457 3740 (cl
479 3677 576 3738 tpoatcr
595 3668 739 3724 sententiis
757 3669 948 3739 episcoporum

146 3760 331 3826 stuporibus,
356 3760 464 3831 proprie
486 3776 555 3816 rocc
577 3759 635 3831 ipsc
657 3760 844 3818 damnauerat.
870 3761 948 3819 Unda

146 3852 319 3909 tantationum
334 3855 533 3924 esequissero
547 3855 604 3923 ipse
614 3870 661 3910 soa
672 3856 806 3910 senatuum
820 3855 950 3912 candem·

147 3949 232 4013 travit,
248 3962 309 4002 crant
326 3962 355 4003 sc
370 3947 409 4003 itit
424 3947 649 4004 coutmtttticattdo
662 3948 823 4019 participem
838 3948 912 4003 lecit.

184 4041 226 4097 lb.
248 4040 422 4097 Oricrrtalitrm
443 4052 552 4096 conatae
572 4051 601 4095 nt
615 4041 785 4096 aratrorum
806 4049 832 4095 et
851 4040 951 4096 otiosa

147 4133 248 4203 agoada
261 4135 378 4207 ep't'ciarrt.
393 4163 431 4175 -
440 4133 540 4190 Verum
558 4148 608 4190 uos
622 4142 746 4190 terrentes
758 4133 951 4190 ecclesiastice

149 4227 249 4293 regulae
266 4227 454 4298 tlisciplioam,
471 4237 498 4284 ct
517 4228 639 4284 tolentes
655 4228 771 4283 miseros
786 4227 812 4281 lo
827 4226 952 4297 aliquau-

150 4321 233 4378 tulum
247 4322 289 4393 (d)
303 4324 396 4378 rivere
407 4363 415 4387 ,
428 4323 616 4379 mandarimus
628 4322 701 4389 illis,
716 4322 763 4392 qui
777 4336 839 4378 cum
853 4320 951 4377 Protu-

1037 3207 1081 3263 tt.
1096 3205 1194 3262 Verum
1209 3219 1258 3261 nas
1276 3204 1374 3260 iterum
1388 3204 1449 3259 iilos
1469 3212 1550 3274 atque
1568 3202 1669 3259 iterum
1690 3202 1802 3274 rogaba-

1000 3315 1081 3363 mus,
1099 3312 1133 3352 oc
1148 3300 1224 3353 ttrttta
1239 3295 1381 3365 solidaque
1395 3302 1591 3362 concuterent,
1607 3309 1642 3350 ne
1661 3294 1801 3350 subuerte-

1000 3403 1061 3448 reut
1077 3391 1180 3460 legent,
1197 3404 1248 3446 uec
1268 3389 1329 3459 jum
1354 3389 1444 3443 ditioa
1471 3387 1622 3453 turbarent,
1644 3401 1680 3441 ue
1708 3396 1801 3441 coacta

1001 3481 1211 3542 contunderent,
1225 3489 1306 3551 atque
1320 3479 1492 3536 traditionem
1504 3477 1634 3535 Ecclesia
1647 3492 1683 3535 ue
1695 3477 1802 3549 quidem

1003 3577 1108 3635 modica
1123 3590 1190 3644 pace
1204 3572 1244 3647 (t.
1260 3573 1355 3647 parte)
1370 3573 1533 3629 lrttstrareat
1548 3572 1618 3635 :sed
1635 3586 1688 3627 occ
1706 3586 1803 3629 noram

1002 3679 1103 3727 sectam
1120 3669 1295 3733 inducerent,
1312 3677 1359 3723 aot
1367 3666 1551 3723 Orientalibus
1562 3666 1702 3738 episcopis
1713 3664 1804 3722 canci-

1002 3765 1100 3832 liisnue
1114 3760 1295 3819 sanctissimis
1308 3760 1343 3816 de
1356 3759 1505 3817 Occidente
1519 3757 1660 3815 rcoientcs
1674 3757 1763 3829 aliqua
1775 3756 1804 3815 ie

1002 3867 1078 3926 parte
1094 3864 1294 3927 praeponerent.
1308 3858 1342 3911 ht
1359 3855 1397 3910 illi
1418 3864 1511 3911 citutta
1532 3852 1717 3924 despicientes
1730 3855 1798 3919 lucc,

1003 3952 1082 4009 nohis
1095 3950 1278 4012 initiabamur,
1289 3958 1317 4004 et
1333 3963 1364 4004 se
1379 3947 1556 4003 Athanasium
1569 3956 1597 4001 et
1616 3953 1734 4002 aeona
1745 3960 1804 4001 sca·

1005 4046 1104 4100 let-atos
1120 4042 1306 4098 uindicaturus
1328 4039 1535 4110 pollicebantur.
1549 4037 1633 4108 Qttesi
1655 4052 1722 4093 roro
1733 4034 1804 4095 alittti

1005 4136 1094 4191 lacere
1108 4142 1153 4189 aut
1166 4133 1256 4190 dicere
1270 4140 1398 4204 posunt,
1412 4132 1457 4202 qui
1480 4130 1629 4185 sceleratae
1653 4144 1750 4186 amnes
1771 4139 1804 4189 ac

1005 4227 1125 4299 perditos
1141 4228 1167 4280 io
1187 4240 1265 4280 suurn
1290 4224 1456 4279 consortium
1478 4230 1652 4291 receperunt.
1669 4221 1803 4287 Praeterea

1006 4321 1113 4390 ingente
1130 4317 1182 4374 lrac
1197 4323 1475 4387 rumoteptopuooot,
1490 4311 1604 4371 audacia
1615 4311 1705 4385 patius
1717 4327 1750 4369 ae
1761 4320 1803 4371 te-

185 4486 223 4559 (o)
240 4486 339 4554 Faber,
352 4484 484 4542 asterisco
495 4487 593 4555 posito,
607 4484 730 4556 quadarn
742 4483 787 4541 hic
793 4483 891 4541 deesse
902 4496 950 4536 oo-
962 4482 990 4545 1)
1003 4480 1060 4537 rios
1074 4495 1107 4534 ex
1124 4477 1180 4533 sola
1195 4474 1302 4532 iliorum
1318 4472 1369 4530 hdc
1387 4470 1544 4535 asseruerit.
1557 4469 1653 4543 tragm.
1668 4486 1701 4540 rr,
1716 4488 1743 4526 n.
1757 4470 1804 4543 st,

148 4563 225 4614 tavit.
243 4558 349 4631 lotogra
365 4569 454 4613 tarraco
469 4558 546 4613 attritis
558 4559 664 4614 uidctor
677 4557 829 4611 sententio:
849 4565 878 4609 ut
893 4552 945 4609 Oc·

148 4630 307 4698 cideotalcs,
329 4631 384 4699 ptri,
412 4644 486 4683 ιιιιιιι.
511 4632 555 4691 tu.
575 4646 628 4684 ιιιιιι
642 4637 697 4683 tato
714 4643 763 4699 pro
788 4623 947 4690 hthaoasio,

148 4719 225 4774 quam
238 4719 286 4773 pra
298 4702 351 4758 ertia
364 4700 463 4755 actibus
476 4701 595 4757 laborare
606 4701 724 4773 caepisse
736 4699 801 4754 dicti
818 4705 891 4762 suut,
903 4711 950 4751 co·

148 4774 210 4829 doto
226 4789 307 4829 seusu
321 4790 392 4829 ιιιιιιι
406 4772 529 4829 dicantur
543 4789 595 4829 raon
610 4784 664 4829 tato
684 4773 757 4829 iltius
767 4785 801 4827 aa
813 4770 949 4826 sociorum

149 4844 264 4905 actibus.
282 4859 361 4915 puato
375 4844 433 4900 suis
446 4846 579 4902 misereri.

187 4937 226 5003 tt)
254 4935 496 4993 Condemnationis
519 4937 598 5009 huius
621 4936 723 4993 nullum
747 4944 790 4991 est
810 4941 857 4988 aot
879 4931 950 5002 apud

150 5007 337 5070 Athanasium,
350 5018 397 5061 aot
409 5008 479 5075 apud
493 5009 560 5063 alitis
569 5025 653 5063 sacra·
668 5008 789 5063 historiae
801 5005 950 5073 scripturos

150 5081 303 5141 vestigium.
317 5077 372 5134 Neo
384 5080 442 5134 teri
452 5080 558 5135 ridetur
570 5081 670 5143 sitttilc,
684 5092 712 5134 ut
726 5078 889 5133 Attraoasins
900 5078 950 5129 hs·

149 5151 254 5219 clepatn
280 5151 466 5213 clamitaverit,
495 5167 574 5222 quem
601 5149 778 5221 reprehendit
799 5162 948 5217 otrspuatn,

151 5223 250 5291 passim
267 5222 392 5277 laudibus
409 5221 524 5276 cstolht.
549 5223 677 5293 Ejusdem
699 5223 795 5276 lacinto
814 5218 948 5274 censenda

150 5301 223 5359 suot,
237 5309 297 5361 truce
311 5293 346 5349 de
358 5293 486 5359 Marcella
498 5306 524 5348 et
539 5293 622 5348 Paulo
631 5294 820 5359 subjicitottor.
836 5290 869 5346 Et
881 5288 950 5343 Pau-

152 5365 206 5418 lunt
223 5363 355 5434 «irrident,
375 5366 533 5435 ptiustptam
552 5366 586 5419 ab
602 5367 757 5433 episcopatu
771 5362 952 5431 dejiceretur,

152 5449 245 5490 secum
256 5440 472 5491 cumtnuotcassc
484 5438 549 5491 satis
562 5437 662 5491 indicat
676 5437 840 5490 Athanasius
856 5432 889 5486 atl
904 5434 955 5487 Sa·

152 5506 193 5559 lit.
217 5522 242 5573 p.
265 5507 328 5565 uta.
347 5508 414 5564 llioc
434 5519 526 5562 nostra
548 5514 662 5573 augetur
682 5507 810 5577 suspicio,
831 5520 865 5560 ne
885 5501 955 5561 torta

156 5577 260 5642 Ariani,
280 5579 378 5635 Sirmio
397 5580 579 5638 rescribentes
595 5580 629 5636 dc
642 5579 815 5635 damnatione
833 5574 951 5641 Plautini,

154 5646 331 5705 Athanasium
357 5667 372 5705 a
397 5652 516 5710 llarcelli
544 5655 736 5709 communione
762 5667 792 5708 sc
817 5646 953 5705 substinere

155 5717 321 5778 mendaciter
335 5723 517 5793 inseruerint,
538 5723 619 5796 idque
631 5726 712 5797 paolo
725 5721 862 5783 credulior
880 5719 953 5776 hile·

1003 4561 1031 4607 ut
1042 4551 1107 4607 ihitt.
1125 4548 1288 4603 renutrimus.
1806 4568 1814 4591 t

1038 4622 1074 4697 (c)
1087 4620 1156 4691 Quid
1170 4620 1220 4674 sihi
1235 4619 1301 4674 tettt
1321 4615 1386 4672 iliud
1404 4624 1505 4686 penta,
1522 4626 1576 4669 nco
1592 4612 1671 4668 lacile
1684 4612 1802 4679 dixerim

1002 4712 1063 4751 coto
1077 4693 1203 4755 lhlarios,
1215 4691 1366 4759 tragnremo
1375 4685 1519 4753 superiori,
1529 4702 1604 4739 uoto.
1618 4685 1665 4750 ἥ,
1676 4685 1803 4750 altirmet,

1003 4767 1102 4820 utdlmrr
1117 4779 1237 4829 ttmpttato
1249 4760 1372 4817 aduersus
1387 4757 1551 4818 llareeliam.
1572 4767 1667 4830 mater
1683 4772 1738 4811 earrt
1750 4772 1806 4825 pua

1005 4835 1202 4894 Sor-dicentibus
1214 4842 1250 4888 est
1259 4831 1386 4887 dissoluta
1398 4829 1539 4894 sententiis,
1549 4828 1670 4897 deirteepr
1680 4830 1806 4901 synedrae

1004 4911 1084 4982 [trisse
1097 4916 1264 4961 carttroctour.

1041 4981 1080 5050 (dt
1098 4979 1187 5040 Forte,
1203 4990 1342 5037 remouere,
1354 4974 1396 5028 vei
1411 4981 1523 5027 remotus
1535 4972 1627 5026 eicere

1038 5051 1075 5136 (a)
1096 5048 1222 5105 llcndosa
1236 5048 1315 5103 lectio
1328 5046 1367 5099 sic
1384 5052 1474 5115 potest
1485 5043 1602 5112 corrigi:
1629 5038 1701 5096 Nam
1719 5056 1807 5096 aarum

1002 5139 1109 5194 quasque
1122 5120 1300 5194 prttuisrimum
1312 5126 1422 5171 utentem
1439 5155 1445 5169 .
1460 5154 1467 5169 .
1482 5155 1488 5168 .
1504 5113 1670 5180 occultatam·
1684 5112 1739 5177 rel,
1750 5127 1807 5167 cem

1003 5211 1090 5250 corum
1107 5195 1212 5261 pirisque
1229 5232 1235 5245 .
1255 5229 1261 5242 .
1281 5190 1455 5243 .accnltaret.

1040 5267 1074 5335 (t)
1089 5266 1215 5320 Socrates
1233 5262 1278 5315 tih.
1295 5275 1325 5325 rr,
1339 5274 1365 5314 c.
1385 5257 1431 5322 2⁰,
1452 5271 1484 5315 et
1507 5255 1601 5312 Satrici
1618 5254 1670 5310 lide
1683 5263 1809 5312 racemo

1009 5346 1110 5391 tantum
1131 5333 1297 5405 septuaginta
1312 5346 1379 5397 sert,
1400 5342 1451 5385 occ
1473 5328 1609 5385 habentur
1622 5326 1694 5383 iutra
1709 5326 1760 5383 ttlsl
1774 5326 1810 5383 lb

1008 5408 1230 5479 uttlrstriptioueS.

1045 5500 1084 5575 (p)
1100 5500 1128 5556 lu
1145 5515 1209 5563 ms„
1220 5514 1279 5552 cum
1291 5492 1407 5551 acicutia.
1420 5490 1580 5549 Plentotstc
1590 5500 1664 5547 essct
1680 5491 1738 5547 hacc
1748 5506 1812 5549 sutt-

1009 5584 1107 5629 teuoa:
1124 5570 1285 5625 thrascicntia
1304 5569 1369 5637 [arte
1382 5565 1452 5620 maia
1467 5561 1680 5648 prohibebantur,
1700 5578 1751 5633 aaa
1770 5578 1814 5617 ca·

1007 5662 1064 5701 rum
1076 5644 1248 5714 ortospairprte
1262 5639 1365 5699 timebat
1383 5638 1477 5695 oudarr
1494 5636 1526 5692 ab
1536 5636 1635 5709 aliptae,
1649 5648 1709 5707 prta
1724 5635 1814 5711 patere

1007 5716 1076 5790 peri,
1088 5723 1141 5774 etc.
