3884 6136
108 228 164 286 885
597 221 701 279 btbbtt
726 218 771 277 DE
788 215 912 275 PthllS
932 213 977 273 ET
998 214 1077 272 rtttt
1097 215 1260 279 battalia.
1706 222 1759 280 886

106 353 299 406 uuusexuno,
314 352 426 393 urreisa
442 350 517 403 vero,
532 336 608 392 ritus
621 348 637 389 a
650 335 722 399 uiuo,
744 331 905 403 perlectusa
919 334 946 399 Α
958 344 1039 385 nranu
1064 347 1112 387 sua
1135 332 1233 404 operit,
1254 347 1344 405 pugno
1365 346 1473 389 omnem
1496 332 1626 397 mundum
1645 336 1756 410 clandit,

105 431 238 505 perfeeto,
252 431 361 502 virtutis
381 430 477 496 uirtus,
498 427 638 499 sapientie
659 426 803 497 sapientia,
819 421 905 494 gloria
958 438 1038 494 quern
1063 433 1148 480 totum
1172 426 1263 482 omnia
1283 426 1419 495 nesciunt,
1441 435 1468 482 et
1487 429 1632 487 metuendo
1656 432 1756 503 sciunt,

104 523 211 596 gloriae,
232 522 321 594 imago
333 519 476 578 invisibilis
497 519 556 588 liei,
573 518 659 574 lorma
673 517 758 587 patris
771 515 905 587 ingeniti:
960 515 1040 585 cujus
1059 517 1161 574 nomini
1186 528 1213 575 et
1234 518 1327 575 uirtuti
1348 517 1522 588 famulantur,
1538 520 1610 578 hunc
1632 523 1708 582 orbis
1723 539 1757 582 ex

105 618 189 676 habet
210 619 292 690 igitur
312 614 461 672 natiuitatis
483 614 563 685 hujus
584 613 677 684 utique
701 620 836 668 secretum
852 607 907 682 (Ee
958 610 1015 682 ipsa
1030 613 1225 671 elementorum
1238 615 1289 671 sibi
1300 617 1503 673 succedentium
1518 629 1706 678 momentanea
1718 622 1759 678 ri·

105 728 177 767 num.
193 710 232 783 9).
246 709 282 766 Et
296 709 319 766 si
330 709 390 781 quis
403 709 471 764 lorte
487 706 672 778 intelligentiae
685 720 742 760 suae
756 705 906 775 imputate·
957 704 1114 762 cissitudine
1134 716 1257 766 testatur.

106 803 151 869 rit,
167 799 353 874 generationis
369 798 449 868 hujus
461 806 660 853 sacramentum
673 811 726 851 non
741 808 822 868 posse
836 809 904 850 con·
992 798 1071 854 Ratio
1084 801 1207 870 quedam
1217 809 1270 871 est,
1280 816 1340 873 quae
1351 801 1422 872 apud
1435 801 1545 860 bracos
1557 805 1759 881 idpocappella·

105 896 194 964 sequi,
207 908 268 948 rum
283 902 372 946 tamen
388 899 413 945 et
425 890 506 945 Pater
516 888 552 944 sit
565 888 688 944 absolute
704 887 866 954 intellectus,
878 895 906 944 et
957 900 1010 960 tur,
1027 907 1087 963 quae
1102 893 1171 948 iuter
1183 893 1289 948 Patrem
1314 898 1342 948 et
1356 893 1453 950 Filium
1472 910 1601 966 personas
1622 898 1665 954 rel
1679 913 1757 955 noea·

106 986 192 1043 Filius
205 1000 255 1041 nee
275 985 363 1054 major
379 998 422 1049 eo,
440 998 490 1039 nce
512 983 620 1048 minor,
645 982 704 1038 siue
717 980 811 1037 dolore
830 996 844 1035 a
861 994 904 1036 me
956 983 1017 1038 bula
1040 984 1202 1055 distinguit:
1218 987 1279 1057 quia
1295 986 1352 1056 ipse
1376 986 1458 1042 Filius
1481 988 1551 1042 ratio
1573 988 1680 1058 dicitur,
1695 1008 1755 1062 ortae

106 1077 208 1142 audiet,
227 1077 334 1148 ignoro,
348 1090 398 1146 ego
412 1075 516 1141 nescio,
533 1088 586 1130 non
601 1073 721 1144 requiro.
738 1072 904 1131 Consolabor
957 1083 1047 1130 tamen
1059 1077 1128 1131 ratio
1144 1077 1236 1132 multis
1249 1077 1403 1133 nominibus
1414 1079 1575 1149 appellatur.
1591 1079 1669 1136 hlodo
1681 1083 1753 1137 enirn

105 1186 149 1225 rne
167 1178 256 1225 tamen
273 1167 456 1238 :hrclrangeli
469 1167 604 1231 nesciunt,
621 1165 716 1236 Angeli
732 1181 785 1220 non
810 1165 902 1220 atrdie·
956 1168 1080 1236 verbum,
1096 1169 1176 1225 modo
1201 1169 1295 1237 virtus,
1319 1170 1398 1223 modo
1424 1170 1567 1240 sapientia,
1584 1170 1664 1225 nrodo
1686 1172 1755 1228 det-

104 1270 178 1327 ruut,
200 1260 333 1330 Propheta
358 1274 410 1314 non
434 1259 528 1324 sensit,
552 1256 700 1328 Apostolus
715 1258 902 1328 interrogavit,
956 1270 1025 1326 tera,
1041 1260 1122 1316 modo
1137 1260 1290 1324 brachium,
1314 1259 1395 1313 modo
1417 1261 1572 1330 margarita,
1594 1261 1675 1316 modo
1694 1263 1754 1318 the·

103 1354 189 1409 Titius
200 1353 257 1423 ipse
268 1367 322 1408 non
335 1350 430 1407 edidit.
445 1350 541 1406 Cesset
553 1351 631 1407 dolor·
645 1350 828 1421 querelarum.
843 1349 902 1407 Nou
954 1368 1062 1420 saurus,
1075 1354 1156 1408 modu
1171 1354 1249 1419 retia,
1263 1353 1344 1407 modo
1354 1360 1483 1421 aratrum,
1496 1354 1576 1410 modo
1591 1354 1663 1423 lons,
1674 1357 1754 1413 modo

104 1456 141 1514 te,
153 1445 274 1517 quisquis
286 1459 316 1500 es
330 1445 374 1516 gui
389 1445 448 1500 llaec
466 1443 577 1515 quaeris,
597 1457 697 1498 revoco
712 1444 738 1498 in
752 1442 901 1509 excelsum,
954 1457 1042 1520 petra,
1066 1445 1147 1501 modo
1169 1446 1238 1516 lapis
1266 1445 1413 1517 angularis,
1438 1445 1519 1503 modo
1545 1461 1641 1519 agnus,
1670 1451 1751 1504 modo

103 1555 159 1596 non
180 1540 207 1595 in
227 1537 433 1609 amplitudinem
452 1534 545 1604 teudo,
582 1550 636 1590 non
657 1535 763 1591 deduco
784 1535 811 1590 in
837 1550 902 1606 pro·
955 1545 1046 1608 horno,
1062 1541 1143 1596 modo
1156 1539 1267 1605 vitulus,
1289 1537 1369 1594 modo
1383 1538 1485 1609 aquila,
1501 1538 1582 1595 modo
1596 1539 1651 1608 leo,
1673 1542 1754 1596 modo

101 1632 226 1693 laudum·
953 1637 1008 1703 via,
1024 1635 1105 1692 modo
1118 1636 1228 1701 ueritas,
1241 1633 1323 1690 modo
1335 1633 1400 1701 rita,
1414 1648 1476 1689 eum
1492 1633 1527 1690 sit
1539 1633 1610 1690 Deus
1625 1636 1715 1693 omnia
1726 1645 1753 1693 ιι

138 1724 203 1780 lime
216 1723 251 1780 da
267 1733 363 1779 narum
384 1722 536 1779 divinitatis
556 1721 694 1792 attigimus
708 1719 763 1796 (Ex
776 1738 849 1777 uum·
866 1722 897 1777 ll
917 1726 939 1786 B
955 1731 981 1786 in
995 1730 1129 1786 omnibus.
1150 1727 1184 1785 Et
1198 1743 1246 1799 per
1260 1728 1319 1784 hare
1333 1729 1463 1786 vocabula
1478 1728 1630 1786 divinarum
1644 1730 1753 1802 dispen-

98 1828 123 1874 et
138 1817 194 1890 li),
212 1832 265 1874 non
278 1833 411 1875 summam
423 1816 608 1884 intelligentie
623 1816 897 1885 comprehendentes,
951 1821 1086 1876 sationum
1100 1821 1228 1892 mysteria
1239 1831 1448 1891 cognoscuntur.

97 1909 148 1967 sed
160 1910 341 1982 intelligentes
351 1907 634 1980 incomprehensibilia
654 1921 716 1963 esse
734 1922 794 1977 quae
809 1906 897 1978 looni-
985 1911 1052 1966 Nam
1066 1921 1094 1967 et
1107 1915 1141 1967 ob
1163 1912 1214 1966 hoe
1229 1910 1347 1968 llerbum
1363 1922 1532 1981 nuncupatur
1549 1911 1630 1984 :quia
1644 1920 1673 1968 et
1686 1927 1750 1983 pro-

96 2001 291 2058 nualtellam
307 2017 382 2073 ergo,
396 2001 475 2067 dicis,
489 2000 610 2059 osticium
622 1997 684 2056 lidei
695 2007 748 2067 est,
763 2000 786 2056 si
801 1999 838 2055 nil
850 2013 897 2069 po·
950 2007 1008 2077 prie
1020 2007 1110 2062 diuino
1129 2020 1177 2064 ore
1193 2006 1334 2076 processit,
1348 2016 1376 2062 et
1391 2004 1458 2061 nihil
1473 2005 1554 2062 Pater
1575 2006 1635 2063 sine
1654 2021 1689 2063 eo
1704 2016 1750 2062 aut

98 2094 377 2166 teriteomprebendi.
389 2092 475 2150 lmrno
488 2093 539 2151 boe
554 2092 671 2149 alliciam
686 2093 752 2149 tides
772 2092 897 2163 profitea-
947 2101 1038 2170 jussit‚
1052 2109 1097 2156 aut
1111 2100 1185 2156 lecit.
1199 2100 1288 2156 Virtus
1303 2100 1402 2156 dicitur
1417 2117 1423 2153 :
1440 2100 1502 2169 quia
1514 2112 1578 2156 rere
1593 2099 1627 2156 dc
1641 2099 1708 2166 Deo,
1722 2108 1750 2155 et

95 2278 180 2337 scire.
191 2278 362 2350 Superestde
373 2279 546 2335 inenarrabili
555 2281 728 2350 generatione
738 2278 797 2334 Filii
808 2278 896 2334 adhue
947 2287 1082 2342 ιοιιιιιιιι,
1098 2285 1236 2354 Sapientia
1262 2283 1411 2353 appellatur
1428 2301 1435 2337 2
1450 2282 1512 2353 (ιιιῑι
1535 2282 1569 2337 ιι
1591 2280 1674 2338 corde
1696 2281 1748 2337 pa.

96 2370 308 2442 ttliouid:immo
321 2371 421 2442 aliquid
437 2371 502 2426 illud
518 2371 607 2427 adbuc
621 2379 705 2426 totum
721 2380 771 2427 eat.
785 2368 893 2437 AEstuo,
948 2381 997 2436 eris
1021 2379 1168 2435 adveniens
1192 2392 1290 2433 arcana
1313 2377 1339 2431 in
1363 2374 1521 2433 coetestlhns
1544 2374 1634 2444 (Apud
1656 2373 1747 2428 Ambe.

94 2464 216 2532 differor,
240 2465 367 2530 hebescit·
383 2475 410 2522 el
430 2464 500 2521 udde
525 2466 651 2536 intirim
671 2467 774 2523 testib
791 2466 895 2522 'Nesei0
947 2473 1068 2530 coelestia
1080 2469 1265 2539 credentibus)
1278 2468 1746 2536 reseravitlletteranuncupatur:

94 2559 169 2617 enim
181 2558 289 2630 quando
302 2568 382 2614 natus
398 2560 434 2613 sit
446 2557 530 2613 Filius
544 2576 550 2612 :
565 2566 593 2613 et
604 2558 680 2614 nolas
692 2568 733 2615 est
745 2558 812 2613 milri
824 2558 895 2614 scire
946 2567 1017 2636 quod
1039 2580 1087 2633 ιιι
1106 2578 1168 2619 enm
1190 2563 1281 2623 onmia
1306 2573 1388 2630 opera
1413 2559 1505 2614 divina
1530 2557 1649 2629 perlecta
1672 2567 1745 2617 suut.

95 2650 205 2722 l¹¹³¹¹l¹⁰
220 2661 298 2706 ⁰¹¹¹¹⁸
312 2651 347 2706 ⁸¹¹
366 2649 460 2705 fmus·
476 2649 562 2719 0¹¹&ss
578 2650 711 2721 imprecer
719 2649 731 2703 ?
749 2665 829 2720 lll¹⁰¹¹¹
844 2650 894 2704 1¹¹¹·
945 2656 1089 2713 Brachium
1102 2653 1202 2709 dicitur
1216 2671 1222 2708 a
1237 2654 1299 2722 quia
1319 2652 1354 2708 ab
1376 2652 1438 2721 ipso
1453 2651 1545 2708 omnia
1559 2651 1744 2707 continentur.

93 2743 218 2814 plorem?
231 2757 264 2800 ιι
282 2742 382 2815 quibua
404 2742 480 2798 libris
499 2742 534 2798 ad
554 2749 689 2797 tenuium
705 2738 893 2811 difficillimum
945 2749 1087 2820 llargarita
1103 2747 1272 2818 appellatur:
1284 2747 1346 2814 quia
1361 2743 1428 2800 nihil
1447 2744 1495 2800 illo
1510 2743 1656 2815 pretiosius
1670 2744 1745 2798 inve

93 2838 277 2894 narrationem
305 2836 385 2892 terba
415 2836 599 2906 praesrmraml
628 2834 758 2890 Evolvam
784 2848 894 2889 omnem
946 2842 1027 2897 nitur.
1039 2839 1197 2925 Thesaurus
1217 2835 1339 2892 dicitur:
1352 2845 1381 2891 ut
1403 2835 1505 2906 inipso
1529 2833 1745 2892 omuesdivitiaa

93 2929 208 2987 Creciae
221 2929 508 3000 muotamtsodtegt
525 2920 894 2998 abisapieosluhisoribal
944 2914 1093 3007 regnorum
1117 2930 1293 2994 coelestium,
1317 2944 1378 3000 que
1400 2927 1558 2996 recondita
1559 2935 1632 2990 sunt,
1657 2941 1740 2998 agno·

94 3024 142 3079 ubl
157 3024 323 3095 coitquisitor
336 3023 429 3079 saeculi
440 3023 452 3077 l
465 3023 493 3077 ln
509 3021 636 3092 hocergo
648 3019 748 3076 mundo
762 3021 893 3090 sophista
944 3038 1064 3085 scantur.
1077 3026 1177 3097 (dordr.
1192 3024 1308 3080 conditae
1322 3023 1445 3094 agnose.)
1460 3022 1539 3079 Retia
1549 3021 1669 3078 dicitur:
1680 3022 1744 3093 qaia

93 3119 171 3175 mrrlti
181 3123 349 3190 etsapientes
363 3128 443 3175 surrt:
458 3119 615 3189 sapientiam
630 3128 719 3173 autent
735 3117 782 3172 liei
796 3105 928 3189 repro-C
946 3140 996 3196 per
1011 3124 1110 3193 ipsunt,
1123 3129 1150 3177 et
1164 3120 1190 3175 in
1205 3119 1263 3189 ipso
1277 3119 1310 3174 de
1331 3117 1399 3172 mari
1413 3116 1516 3179 saculi,
1529 3116 1650 3187 gentium
1666 3115 1744 3185 quasi

94 3212 239 3268 barerttnt.
260 3213 384 3270 Scribam
398 3214 464 3285 legis
480 3212 639 3269 consulam?
661 3213 713 3269 Sed
734 3213 849 3283 ignorat,
864 3224 894 3270 et
946 3215 1091 3271 multitudo
1107 3212 1219 3284 piscium
1233 3213 1260 3266 in
1272 3210 1393 3267 Ecclesia
1404 3216 1614 3280 congregantur,
1636 3208 1681 3264 ubi
1694 3208 1744 3263 bo·

93 3320 161 3360 crux
174 3304 274 3361 Christi
288 3304 445 3362 scandalum
460 3317 511 3362 est.
530 3306 665 3362 llortabor
679 3305 750 3364 lorte
762 3321 810 3362 vos
826 3322 892 3363 eon·
945 3322 1042 3364 norum
1063 3307 1250 3376 erratorumque
1272 3301 1426 3358 discrimina
1448 3307 1657 3371 cognoscuntur.
1674 3301 1744 3355 hra-

94 3399 189 3455 nirere
212 3410 239 3456 et
262 3414 376 3457 tacere:
397 3402 727 3473 quiaadvenerationcm
747 3401 806 3471 ejus
829 3403 893 3457 satis
946 3418 1016 3462 trum
1040 3410 1210 3471 nuncupatur
1227 3400 1307 3469 :quia
1333 3399 1410 3468 signo
1434 3397 1522 3453 erucis
1541 3409 1599 3452 suae
1621 3397 1741 3464 gentium
1799 3410 1804 3419 ·

94 3494 141 3562 sit,
158 3495 228 3566 quod
242 3494 270 3550 in
289 3495 444 3566 Evangeliis
462 3495 623 3568 predicator
637 3506 709 3552 tanta
723 3496 792 3552 inter
806 3485 894 3555 homi·
944 3508 1054 3572 pectora
1069 3495 1236 3566 subiguntur,
1253 3499 1282 3546 ut
1297 3488 1451 3547 necessario
1465 3488 1567 3545 'semini
1585 3504 1741 3559 ιιιιιιιιιι-

95 3587 398 3660 neslceissestnpenda
412 3589 541 3662 prodigia.
945 3604 998 3648 ιιιι,
1023 3591 1094 3647 fons
1117 3603 1193 3660 aqum
1214 3585 1363 3657 appellatur
1379 3600 1385 3635 ι
1399 3582 1460 3654 quia
1485 3596 1518 3637 ex
1538 3595 1571 3635 eo
1594 3581 1741 3636 sitientium

132 3678 176 3735 Ea
189 3698 259 3736 ιιιιιι.
280 3683 324 3740 ιδ.
340 3683 516 3737 -Conslstit
530 3683 602 3738 eninr
625 3698 714 3738 mcum
731 3683 756 3737 in
772 3684 890 3753 patroci-
945 3686 1026 3743 corda
1049 3683 1169 3740 coelestis
1193 3695 1270 3752 aquae
1290 3677 1376 3751 gratia
1399 3675 1553 3747 irrigantur.
1575 3672 1654 3730 Petra
1676 3674 1742 3729 dici-

96 3774 170 3833 niunt
182 3775 372 3832 meditatorum
383 3776 572 3832 dillrcultatum
586 3778 702 3847 piscator
713 3793 805 3850 egens,
819 3778 894 3849 igno·
946 3793 989 3838 tur
1006 3799 1013 3836 :
1029 3779 1091 3852 quia
1112 3775 1284 3833 credentibus
1298 3770 1493 3834 fortitudinem,
1509 3767 1656 3824 incredulis
1668 3767 1742 3821 duri·

96 3882 150 3940 tus,
168 3874 302 3941 indoctus,
320 3877 443 3932 manibus
457 3877 512 3932 lino
524 3875 672 3945 occupatis,
687 3887 761 3931 reste
772 3875 892 3944 huruida,
947 3875 1010 3930 tiern
1028 3877 1147 3942 praestat.
1164 3867 1243 3939 Lapis
1258 3862 1521 3935 diciturangularis:
1537 3861 1599 3935 quia
1615 3871 1743 3932 utrosque
1774 3941 1778 3950 k

95 3967 211 4039 pedibus
226 3970 290 4025 limo
311 3971 412 4035 oblitis,
429 3980 500 4026 totns
514 3986 529 4026 e
550 3971 621 4024 navi.
635 3969 753 4037 Quaerite
777 3979 804 4024 et
819 3971 895 4026 inve·
946 3967 1063 4038 parietes
1073 3963 1173 4019 ueteris
1187 3977 1218 4018 ac
1230 3960 1292 4015 nori
1307 3955 1475 4014 Testamenti
1488 3971 1555 4012 unus
1571 3953 1704 4012 mediator
1715 3954 1743 4010 in

97 4062 164 4132 uite,
179 4073 269 4119 atrurn
289 4064 438 4121 mirabilius
449 4062 529 4120 luerit
549 4069 670 4118 mortuos
690 4063 845 4128 suscitasse,
860 4078 894 4120 an
946 4058 1093 4126 sernetipso
1107 4057 1248 4112 continens
1262 4051 1408 4124 copularit.
1419 4052 1512 4122 tignus
1525 4050 1679 4121 appellatur
1693 4066 1700 4109 ι
1714 4059 1743 4106 ut

97 4156 225 4228 imper-ito
249 4158 390 4214 scientiam
410 4159 486 4212 istius
513 4156 642 4212 doctrinae
665 4156 823 4212 intimasse?
851 4159 895 4213 hit
946 4151 1100 4209 innocentia
1115 4149 1216 4205 Christi
1232 4157 1260 4204 et
1280 4146 1368 4216 passio
1381 4145 1590 4201 demonstretur.
1605 4144 1744 4200 llomodi·

96 4252 180 4315 eninr.
198 4251 226 4306 ln
241 4253 373 4322 principio
391 4260 449 4306 crat
461 4251 590 4307 Verbum.
614 4250 803 4306 Transeuutur
824 4259 894 4307 tem·
947 4253 992 4300 tur
1010 4261 1016 4297 :
1031 4243 1092 4313 quia
1120 4240 1268 4297 ιιιιιιιιιιιιιι
1293 4253 1402 4293 carnem
1417 4247 1527 4309 propter
1548 4250 1598 4290 nos
1619 4235 1744 4292 homines

33 4368 36 4370 ·
98 4343 895 4416 pora,transmittuntursaecula,tolluntnraetates:plsea-
946 4337 1021 4394 nasei
1045 4336 1170 4408 dignatus
1201 4344 1253 4389 est.
1278 4331 1387 4387 Titulus
1411 4328 1608 4399 diciturzquia
1633 4338 1744 4398 propter

95 4447 140 4494 tor
156 4453 231 4494 nreus
243 4440 399 4499 illitteratus
413 4439 508 4495 libera
526 4447 648 4507 tempore
665 4446 717 4501 ιιι,
734 4438 797 4494 vicit
810 4452 892 4492 ontne
946 4441 1067 4488 nostram
1083 4430 1197 4485 salutem
1217 4428 1274 4499 pati
1288 4426 1424 4480 sustinuit.
1442 4423 1536 4494 riquila
1551 4422 1650 4478 dicitur
1663 4441 1669 4476 ι
1682 4423 1744 4492 quia

96 4531 269 4603 principiano.
907 4492 934 4553 D
947 4534 1008 4594 post
1019 4520 1198 4578 venerabilem
1208 4516 1444 4582 resurrectionem,
1457 4515 1533 4584 euasi
1546 4516 1627 4573 remis
1637 4512 1742 4579 elitum,

137 4624 298 4697 Principium
314 4627 359 4682 ιιι,
372 4642 408 4682 ιι,
423 4654 458 4666 -
469 4626 626 4680 Trnctnnres
643 4633 704 4679 ante
718 4638 818 4694 pancos
837 4625 895 4680 dies
947 4616 980 4671 ad
993 4616 1099 4670 Patrem
1113 4611 1243 4668 revolavit
1259 4612 1317 4683 (ιιι
1333 4609 1425 4662 alitum
1437 4607 1469 4660 ad
1484 4606 1571 4659 Patris
1582 4603 1684 4658 revolat
1698 4619 1743 4658 se·

98 4719 133 4775 de
155 4719 317 4775 indillerenti
342 4730 437 4775 natura
459 4720 505 4774 [lei
532 4720 614 4789 patris
637 4718 724 4773 ethei
748 4718 806 4782 salii,
828 4730 894 4785 ete,
947 4702 1032 4778 dent).
1046 4704 1176 4761 idemlco
1195 4704 1356 4758 dietusest:
1370 4715 1431 4770 qma
1445 4712 1503 4768 ipse
1516 4709 1557 4753 est
1578 4711 1624 4752 ret
1640 4712 1743 4767 regum,

98 4826 179 4881 usque
201 4811 387 4868 adltoecuttm.
402 4808 448 4865 dd
474 4813 512 4864 Ac
532 4810 570 4866 sic
586 4808 732 4879 petscclattt
749 4808 828 4864 fidem
844 4809 895 4866 do·
947 4802 993 4871 qui
1008 4795 1316 4854 mollemacdittbdlutn
1331 4793 1507 4849 ulttuttssuae
1522 4798 1654 4861 potestate
1668 4805 1745 4846 c0tt'

10 4941 12 4947 ,
98 4903 240 4969 corneum
258 4902 283 4956 ιιι
298 4903 464 4973 quodmodo
483 4912 535 4969 est,
550 4901 670 4972 ejusdcm
687 4902 897 4972 temporrsopus
949 4894 1055 4950 minuit.
1073 4892 1120 4948 Via
1142 4902 1205 4947 est:
1221 4882 1747 4960 qrriaperipsumaccessunrbabemus

99 4994 152 5061 sit;
164 5003 192 5049 et
205 4994 231 5049 td
246 4993 317 5066 quod
329 5004 457 5066 operatur
469 4994 689 5066 Pateroperatur
707 5002 736 5050 et
751 4994 835 5050 Erlrus
848 5010 895 5050 ex
953 4987 1113 5060 (adscensus
1127 4983 1179 5057 est)
1207 4982 1468 5051 adllcumpatrem.
1487 4978 1661 5037 Veritasest:
1683 4976 1747 5048 outa

101 5097 142 5143 tra
154 5086 299 5158 singularis
313 5089 348 5145 sit
364 5089 502 5144 ortionem.
952 5080 1121 5136 mendacium
1135 5077 1231 5134 nescit.
1243 5076 1304 5134 llita
1314 5086 1355 5132 est
1369 5093 1375 5128 :
1391 5074 1452 5146 quia
1466 5075 1523 5146 ipso
1539 5072 1663 5129 urritersa
1679 5071 1749 5128 riri·

136 5178 266 5250 Excepit.
281 5180 297 5236 6
311 5179 444 5234 anctatm
453 5180 484 5236 de
496 5179 547 5249 side
559 5180 715 5236 orthodoxo.
735 5179 896 5250 —llenique
954 5176 1027 5231 hcet.
1044 5173 1127 5230 Vides
1140 5187 1216 5245 ergo,
1231 5171 1293 5244 quia
1304 5185 1352 5242 per
1364 5171 1422 5226 haec
1433 5167 1563 5225 uocabula
1573 5166 1749 5240 significatio·

101 5285 150 5340 pro
174 5279 263 5343 captu,
281 5285 331 5345 pro
347 5271 458 5337 viribus,
483 5285 531 5341 pro
550 5270 607 5326 {ide
629 5281 720 5328 nostra
745 5272 898 5329 intueamur
952 5283 1001 5324 nes
1015 5267 1220 5338 dispositionum
1237 5275 1264 5321 et
1279 5279 1390 5334 opemur
1406 5261 1561 5330 diuinorum
1576 5270 1750 5333 praeostensas

102 5365 173 5424 [leus
192 5367 258 5437 quid
280 5368 315 5423 sit
335 5384 341 5420 :
364 5376 391 5422 et
411 5365 552 5422 videamus
571 5380 606 5420 an
630 5366 669 5420 illi
692 5365 778 5439 possit
797 5366 897 5436 aliquid
952 5370 1015 5416 sunt
1031 5379 1037 5413 :
1053 5375 1108 5415 non
1124 5368 1213 5414 tamen
1230 5359 1287 5432 ipse
1302 5357 1374 5411 Deus
1397 5369 1444 5426 per·
1459 5357 1517 5410 haec
1528 5353 1640 5425 proprie
1654 5351 1751 5409 delmi·

101 5459 266 5530 comparari.
280 5456 360 5519 Certe
376 5458 428 5514 hoe
441 5468 484 5514 est
498 5459 579 5523 llerrs,
590 5457 662 5530 quod
674 5468 701 5514 et
714 5474 772 5513 cunr
789 5458 897 5527 dicitur,
954 5462 995 5509 tus
1009 5461 1059 5507 est.

101 5570 155 5610 non
173 5564 261 5622 potest
282 5554 354 5625 dici;
377 5569 437 5610 cum
460 5554 620 5620 aestimatur,
644 5568 696 5608 non
716 5561 805 5624 potest
825 5552 899 5607 aesti·
990 5546 1032 5602 Ee
1046 5562 1103 5617 ιιι.
1126 5545 1142 5600 8
1170 5543 1286 5616 praedicti
1308 5540 1455 5596 Troetntoe.
1471 5537 1570 5594 -Est
1592 5552 1657 5608 ergo
1671 5536 1753 5592 Patet·

101 5647 192 5712 mari;
209 5662 270 5704 cunr
288 5658 470 5719 comparatur,
485 5662 538 5703 non
554 5655 643 5717 potest
654 5644 824 5716 comparari:
839 5659 901 5700 cum
956 5644 1028 5698 heus
1045 5643 1205 5704 immensus,
1219 5646 1347 5698 aeternus,
1362 5632 1655 5704 incomprehensibilis,
1671 5630 1752 5687 ines·

106 5740 245 5820 defruitur,
272 5741 331 5827 ipsa
353 5739 511 5816 delinitione
531 5755 579 5812 stt?
602 5738 787 5814 treatment
805 5738 902 5803 coelum
958 5733 1096 5795 timebitis.
1114 5730 1162 5790 Est
1180 5738 1207 5789 ct
1221 5729 1305 5787 Filius
1326 5727 1385 5800 eius
1401 5725 1528 5792 bomutus
1540 5733 1635 5784 noster
1652 5731 1754 5792 tantus,
