3884 6136
147 224 182 283 oo
765 212 888 275 sauma
907 189 1034 281 tutum
1054 175 1208 275 nrrscor't

1748 212 1799 270 tud

148 339 204 393 lilio
216 337 250 394 sit
263 337 427 403 communis,
440 334 574 391 ostendat.
591 333 684 389 Tertio
696 348 803 405 qunque
815 332 883 386 hanc
894 330 946 385 im·
961 337 983 398 ,i
997 329 1076 384 ttrrvu
1091 346 1173 386 utrum
1188 320 1377 386 innascibilem
1397 328 1482 384 heum
1496 328 1587 384 :novit
1603 336 1630 385 ct
1645 343 1728 384 utrum
1741 329 1801 382 ind·
1874 331 1877 339 '

149 429 278 500 probandi
300 427 436 485 homousii
455 441 562 482 eausam
591 423 851 488 comminiscuntur,
875 420 947 494 quod

147 521 294 575 seeundum
310 519 384 576 verbi
400 517 480 589 lvtrjus
499 515 744 585 significationem,
765 530 797 570 ert
811 513 948 569 divisione

147 627 266 685 pateruae
277 612 434 667 substantie
447 625 508 667 esse
527 608 610 665 Filius
624 606 664 682 (a)
679 606 865 672 existimatum
880 616 948 660 tam-

146 724 225 777 quam
238 706 363 763 desectus
378 701 569 769 excoluerit,
585 703 619 756 ita
637 713 664 756 ιιι
682 702 720 774 (ι)
734 703 759 755 iu
775 701 842 756 duos
856 699 889 754 sit
903 713 947 754 res

147 817 197 855 uria
209 799 311 864 divisa;
336 809 363 854 et
383 798 444 853 idco
465 795 623 851 substantia
636 793 761 850 dicautur
775 793 869 856 ouius,
885 790 947 862 quia

145 895 234 967 portio
248 893 355 950 desecta
371 893 405 949 de
421 900 488 958 toto,
503 891 529 945 iu
548 900 641 943 natura
663 903 695 944 ca
708 888 743 943 sit
756 885 827 943 tande
837 885 945 941 desecta

145 997 187 1043 cst
203 1006 209 1041 :
223 1002 274 1043 nce
290 987 406 1057 possein
421 986 506 1040 herrm
522 983 621 1038 cadere
631 981 772 1039 divisionis
780 980 944 1052 passionem,

145 1082 207 1153 aquia
218 1091 245 1137 et
255 1079 428 1137 demutabilis
438 1079 500 1143 erit,
510 1080 531 1133 si
542 1075 721 1133 imminutioni
730 1090 776 1145 per
785 1072 945 1130 divisionem

146 1175 192 1228 lint
210 1172 343 1229 olrnoxius
361 1190 367 1224 :
383 1181 411 1227 et
427 1167 600 1240 imperfectus
613 1166 756 1229 etth-tetur,
771 1163 945 1236 perfectiouis

144 1281 201 1323 suae
221 1268 247 1320 iu
275 1266 424 1336 portionem
440 1262 553 1317 alteram
567 1261 608 1334 (h)
622 1259 769 1315 decedente
783 1256 942 1313 substantia.

180 1357 207 1412 5.
225 1354 250 1410 F
251 1357 325 1410 ilium
338 1371 437 1427 semper
452 1371 506 1410 erac
520 1369 567 1409 cur
581 1349 785 1423 asperth—Nec
800 1367 853 1406 tion
868 1351 894 1403 iu
911 1362 944 1405 eo

144 1466 174 1506 se
185 1452 323 1522 eleganter
336 1448 466 1504 doetrinae
483 1447 665 1517 propheticae,
677 1444 725 1500 sed
740 1451 768 1499 ct
777 1442 944 1515 evangelice

144 1553 225 1613 atque
238 1541 393 1614 apostolice
408 1537 463 1613 74
477 1554 557 1611 posse
570 1535 609 1610 (5)
622 1537 778 1593 existimant
791 1535 944 1604 eoritraire,

145 1648 173 1688 ιιι
197 1633 256 1689 tihi
279 1632 444 1687 nativitatem
471 1630 540 1686 iutra
560 1638 680 1698 tempora
705 1628 861 1701 predicent.
875 1626 942 1682 Cutn

1000 424 1118 494 genitum
1145 422 1192 479 bei
1218 423 1311 477 hlium.
1330 420 1482 478 corruatur
1503 422 1610 479 l’attem
1625 433 1757 478 (eternum
1773 430 1802 478 et

999 517 1033 571 ab
1052 517 1158 588 origiue
1179 516 1293 574 liberum
1312 534 1318 571 :
1334 517 1521 574 conluctaret
1544 516 1605 572 Filii
1617 518 1749 590 originem
1764 521 1800 576 ab

998 618 1101 665 aeterno
1115 629 1121 663 :
1138 626 1192 666 uon
1208 610 1294 681 ipsmn
1306 611 1340 666 ab
1350 610 1434 675 initio,
1449 609 1495 665 scd
1514 610 1549 665 ab
1561 609 1714 666 ininitiabili
1726 628 1732 664 :
1746 627 1800 667 unu

1000 702 1206 772 perseipsum,
1224 703 1272 759 scd
1288 703 1321 758 ab
1334 721 1383 769 eu,
1399 702 1445 775 qui
1460 720 1473 756 a
1491 705 1599 759 nemine
1616 719 1726 774 seruper
1738 715 1799 773 cst,

999 807 1089 852 tratrem
1114 798 1147 853 ah
1167 806 1270 854 aeterno
1284 840 1290 864 ‚
1305 798 1473 853 nativitatem
1497 796 1624 853 videlicet
1637 813 1670 852 ex
1687 807 1797 867 paterna

998 890 1148 945 aeternitate
1161 901 1323 947 sumentem.
1338 890 1420 946 Caret
1434 905 1499 960 ergo
1517 889 1584 945 lides
1599 899 1691 946 nostra
1712 889 1801 946 berc·

998 982 1058 1038 tieae
1075 982 1216 1055 pravitatis
1229 983 1367 1056 opinione.
1384 983 1459 1039 Edita
1478 983 1532 1057 75
1547 999 1662 1055 unirique
1675 996 1716 1038 est
1728 999 1793 1041 seu-

997 1090 1044 1131 sus
1058 1077 1143 1132 nostri
1163 1075 1317 1148 professio,
1334 1077 1396 1133 lieet
1411 1077 1529 1131 noudum
1552 1077 1587 1132 sit
1611 1075 1680 1132 ratio
1695 1074 1798 1148 proies·

997 1167 1081 1224 sionis
1094 1170 1225 1240 exposita.
1242 1168 1343 1225 Tartteu
1363 1184 1398 1225 ne
1420 1168 1482 1239 quid
1497 1211 1503 1234 ,
1526 1169 1553 1223 ln
1566 1168 1700 1224 homousii
1715 1185 1729 1223 a
1743 1166 1796 1224 Pa-

999 1261 1084 1315 irihus
1099 1262 1244 1330 nuncupati
1258 1261 1460 1329 enuntiatione,
1474 1272 1501 1316 et
1520 1261 1545 1314 in
1561 1275 1591 1316 ea
1605 1260 1676 1331 quod
1689 1276 1799 1333 semper

998 1351 1079 1408 luerit
1102 1353 1290 1420 consessione,
1320 1354 1483 1424 suspicionis
1507 1353 1721 1425 relinqueretur:
1748 1357 1798 1412 ista

998 1456 1145 1500 uictuorata
1160 1456 1233 1512 sunt,
1244 1444 1345 1516 'quibus
1361 1455 1389 1502 ct
1404 1443 1555 1502 subsistere
1577 1443 1672 1501 Filium
1689 1447 1716 1501 iu
1731 1449 1798 1504 snb-

996 1536 1096 1592 stantia
1118 1552 1169 1607 qua
1190 1537 1296 1609 genitus
1311 1553 1344 1593 ea
1360 1537 1441 1594 Patre
1461 1549 1504 1594 est
1518 1551 1747 1610 cognosceretur,
1771 1551 1800 1597 et

996 1627 1069 1683 Patri
1083 1630 1116 1684 de
1127 1628 1273 1685 substantia
1285 1645 1336 1700 qua
1352 1631 1477 1686 rtrarrebat
1492 1646 1539 1702 per
1553 1631 1614 1687 litii
1628 1634 1796 1690 nativitatem

144 1726 215 1780 euim
230 1726 325 1780 ritiose
351 1741 367 1779 a
383 1723 460 1778 uobis
484 1732 608 1778 asserant
622 1721 695 1787 diei,
720 1719 818 1777 Filium
836 1735 943 1791 semper
958 1731 983 1792 Β
997 1720 1062 1777 nihil
1077 1738 1138 1779 csse
1149 1722 1318 1792 decerptum,
1335 1735 1362 1781 et
1377 1723 1536 1781 homousion
1550 1726 1620 1782 Patri
1634 1727 1730 1784 Filium
1743 1746 1798 1785 riou

143 1818 245 1886 luisse3
261 1833 372 1875 necesse
383 1827 434 1883 est,
448 1815 618 1872 excindenda
632 1815 704 1886 quod
718 1831 825 1885 semper
845 1813 942 1880 luerit,

143 1915 310 1969 nativitatem
325 1915 385 1982 ejus
406 1913 583 1966 corditeautur
607 1925 639 1965 ea
664 1917 795 1980 tempure.
819 1908 847 1964 Si
872 1907 943 1963 erriru

144 2024 196 2061 uon
216 2021 324 2076 senqrer
346 2005 410 2072 luit,
424 2003 475 2060 erit
491 2014 596 2073 tetttpus
611 2018 664 2071 qun
676 2016 727 2056 riou
743 2001 801 2055 luit.
818 1999 852 2054 Et
868 2001 889 2054 si
903 2007 945 2056 est

143 2112 249 2171 terrtpus
272 2116 325 2172 quo
347 2114 400 2154 trun
421 2097 487 2164 luit,
505 2097 558 2152 erit
572 2105 635 2151 aitte
654 2111 716 2151 euin
740 2105 844 2164 tempas
861 2093 943 2163 :quia

141 2197 185 2265 qui
199 2212 251 2248 uun
267 2208 373 2263 surriper
386 2201 428 2248 est
438 2233 445 2258 ,
457 2206 517 2246 esse
528 2189 611 2261 eoepit
628 2205 660 2245 cx
679 2198 809 2258 terripure.
827 2185 876 2255 Qui
893 2202 942 2239 au·

143 2296 195 2342 tcm
212 2295 286 2342 cerret
301 2294 433 2356 tenuiore,
451 2298 504 2338 unu
521 2293 609 2353 potest
624 2295 658 2337 co
674 2296 767 2336 carere
782 2280 853 2351 quod
868 2293 942 2334 sem·

140 2397 188 2452 per
203 2388 254 2435 est.
279 2377 419 2449 Respuere
440 2392 470 2438 se
491 2383 581 2430 autem
596 2376 642 2441 id,
664 2375 735 2445 quod
750 2388 858 2444 semper
872 2371 943 2427 illius

141 2475 275 2542 l'uerit,ob
284 2490 343 2529 cem
352 2473 614 2539 causamaliirmaut,
627 2472 747 2538 neperid
756 2469 943 2542 quodsemper

140 2571 203 2633 tuit,
228 2570 286 2625 sinc
299 2567 438 2624 nativitate
449 2582 509 2621 esse
520 2565 647 2621 credatur
661 2581 668 2618 :
682 2574 819 2634 tamquam
836 2577 884 2632 per
898 2561 940 2629 id,

138 2664 209 2737 ‹prrod
225 2680 333 2735 seraper
347 2662 430 2718 luisse
451 2661 565 2727 dieitur,
580 2655 745 2715 innascibilis
769 2656 939 2728 predicetur.

175 2758 201 2814 d.
220 2755 275 2811 llice
287 2757 442 2811 houmusiou
467 2770 513 2808 nee
532 2767 696 2820 reciperasse
716 2747 815 2805 Filium
828 2748 941 2804 rensibus

136 2851 226 2906 relatis
251 2849 362 2903 aderrittit
387 2845 514 2901 Ecclesia.
529 2843 600 2900 -0
621 2844 718 2899 stultos
740 2854 821 2916 atque
843 2841 941 2912 impios

138 2954 236 3011 tuctus,
252 2952 278 2998 et
294 2942 470 3011 irreligiosam
486 2939 519 2994 de
537 2938 592 2993 ileo
610 2936 837 2993 sollicitudiuem!
859 2934 937 3002 lluc,

137 3055 195 3108 qum
213 3037 239 3092 iu
255 3035 391 3092 homousii
407 3032 605 3106 significatione
618 3043 645 3087 et
659 3031 685 3085 in
700 3046 733 3086 eo
749 3027 821 3098 quod
833 3041 940 3096 semper

997 1812 1031 1868 de
1045 1817 1265 1873 eonrrtremoratis
1285 1816 1410 1886 superius
1423 1817 1496 1873 vitiis
1511 1821 1654 1892 causisque
1667 1837 1682 1875 a
1696 1822 1798 1879 sauciis

997 1913 1024 1960 et
1037 1903 1077 1978 (d)
1089 1907 1211 1963 doctrina
1225 1909 1272 1964 Dei
1286 1910 1437 1966 calentibus
1452 1911 1517 1966 viris
1527 1928 1586 1967 esse
1599 1924 1796 1985 triemoratnnt;

996 2014 1031 2056 ue
1044 2003 1104 2071 quis
1119 2001 1188 2058 torte
1203 2002 1373 2060 existimaret
1382 2003 1466 2060 adimi
1478 2021 1525 2076 per
1535 2007 1620 2062 usiam
1632 2007 1798 2065 nativitatem

997 2090 1126 2163 unigeniti
1138 2092 1215 2162 Filii,
1230 2096 1302 2165 quod
1317 2096 1390 2151 Patri
1407 2097 1566 2154 homousios
1576 2098 1724 2155 diceretur.

1031 2184 1058 2237 i.
1077 2182 1136 2240 l'oc
1150 2201 1301 2243 uoucoston
1316 2204 1368 2259 qua
1383 2191 1533 2245 accersitore
1556 2201 1682 2264 suscrpta.
1696 2193 1797 2251 -Sed

996 2286 1024 2331 ιιι
1037 2277 1159 2349 suscepti
1176 2278 1256 2349 hvrjus
1273 2286 1415 2353 utriusque
1429 2282 1465 2355 (a)
1485 2283 1560 2341 verbi
1581 2287 1792 2356 necessitatem,

995 2375 1125 2424 utcontra
1140 2369 1339 2429 debacchantes
1362 2384 1418 2428 tum
1440 2374 1583 2431 haereticos
1604 2376 1637 2431 ad
1652 2379 1796 2435 marianam

994 2458 1056 2514 iidei
1065 2461 1237 2519 securitatem
1250 2463 1381 2535 usurpati,
1394 2463 1430 2537 (()
1447 2466 1578 2522 rationem
1594 2469 1773 2541 intelligamus
1786 2489 1793 2526 :

995 2555 1212 2624 respondentium
1228 2572 1289 2613 esse
1307 2560 1434 2613 existimo
1453 2558 1642 2616 haeretieorum
1662 2567 1797 2633 perversi-

994 2646 1057 2713 tati,
1074 2658 1102 2705 et
1116 2663 1211 2705 ornnes
1226 2665 1320 2706 eorum
1337 2653 1433 2708 stultas
1457 2668 1490 2708 ac
1515 2657 1668 2710 mortiteras
1688 2658 1796 2713 institu-

994 2740 1082 2797 tiones
1097 2743 1259 2815 euangelicis
1272 2753 1354 2816 atque
1365 2747 1524 2815 apostolicis
1538 2749 1700 2804 testimoniis
1714 2765 1795 2806 coar-

992 2833 1124 2903 guendas.
1140 2835 1357 2893 Videnturenim
1378 2838 1428 2893 sibi
1444 2837 1479 2896 de
1497 2841 1627 2913 singulis,
1648 2858 1707 2912 qum
1720 2858 1796 2898 asse-

994 2936 1073 2993 ruut,
1090 2937 1220 2999 praestare
1235 2930 1369 2986 rationem
1379 2948 1385 2983 :
1395 2932 1458 3002 quia
1473 2931 1586 3004 singulis
1598 2935 1795 2993 assertionibus

992 3017 1048 3073 suis
1063 3021 1185 3089 qruudam
1200 3038 1233 3078 cx
1251 3021 1349 3078 divinis
1363 3024 1545 3081 rolrtmiuibus
1561 3024 1714 3082 testitunnia
1730 3028 1797 3083 sub-

136 3128 221 3186 h'riius
235 3142 296 3185 esse
311 3126 409 3183 dicitur
430 3134 599 3197 arguuntur,
616 3120 735 3177 Ecclesia
751 3119 939 3183 abominatur,
954 3119 977 3185 c
993 3111 1137 3181 didetttut,
1168 3131 1229 3185 qum
1255 3127 1382 3187 corrupto
1406 3118 1593 3191 intelligentiae
1622 3136 1704 3178 sensu
1729 3123 1796 3178 solis

135 3220 256 3293 respuit,
282 3219 402 3275 damnat.
427 3215 508 3273 Novit
529 3215 601 3271 euim
632 3229 713 3270 uuum
742 3212 826 3268 Deum
841 3226 873 3267 ex
888 3224 940 3280 quo

136 3314 228 3369 uuum
249 3313 346 3370 :norit
370 3321 397 3366 et
424 3327 505 3365 arrum
532 3309 675 3363 bominum
705 3314 826 3363 nostrum
846 3304 939 3360 iesum

136 3402 273 3460 Christum
291 3419 431 3473 perquem
451 3401 556 3464 ourrtia,
575 3414 655 3454 unum
672 3413 706 3455 ex
721 3413 792 3469 quo,
813 3405 839 3452 et
857 3410 939 3451 unum

137 3515 184 3570 per
194 3513 294 3570 quetn;
309 3497 342 3551 ab
355 3509 409 3550 ιιιιο
424 3494 614 3550 universorum
630 3492 779 3564 originem,
795 3505 843 3562 per
855 3503 938 3545 unum

136 3600 294 3648 cunctorum
310 3588 348 3663 (b)
363 3589 539 3645 creationem.
553 3586 582 3642 ht
592 3603 648 3643 uiro
658 3601 691 3641 ex
708 3599 776 3655 quo,
792 3583 940 3639 auctorita·

137 3696 191 3741 tem
205 3682 423 3739 innascibilitatis
443 3679 586 3751 iutelligit;
603 3678 631 3734 ia
647 3692 701 3734 utto
721 3691 859 3747 perquem
873 3715 881 3740 ,
896 3659 939 3744 po'·

137 3785 262 3833 testatem
275 3770 519 3830 nihildiiierentem
533 3771 568 3826 ab
581 3778 691 3825 auctore
702 3776 846 3824 veneratur
858 3781 864 3818 :
876 3779 936 3820 eum

136 3887 169 3927 eu
183 3885 236 3941 quo
251 3878 279 3924 et
289 3882 338 3940 per
352 3880 432 3938 quem
445 3905 453 3933 ,
465 3863 500 3919 ad
521 3863 547 3918 id
567 3862 639 3934 qood
655 3872 778 3927 creatur,
794 3858 830 3932 (r)
845 3859 876 3933 ,iu
894 3856 937 3915 bis

135 3968 299 4031 spiramenta
318 3967 381 4014 sunt
398 3955 438 4031 (l)
455 3956 608 4014 communis
626 3952 773 4009 aucmritas
790 3951 835 4007 sit.
858 3950 937 4006 Novit

134 4054 161 4110 iu
176 4053 278 4125 Spiritu
295 4052 380 4107 Deum
397 4049 526 4120 Spiritum
543 4047 736 4119 impassibilem
749 4056 777 4101 et
794 4045 935 4102 indeseca-

135 4146 234 4213 bilem,
250 4143 344 4201 didicit
364 4145 435 4199 euim
460 4159 475 4196 a
496 4142 630 4210 bortriuo,
653 4140 758 4211 spiritui
778 4155 886 4195 curarem
909 4145 936 4193 et

135 4256 196 4295 ossa
212 4254 264 4293 riou
283 4252 343 4293 esse
366 4233 443 4308 (Luc.
468 4251 541 4302 xxiv,
555 4234 601 4305 39)
618 4252 625 4289 ι
640 4247 675 4289 ue
696 4232 766 4288 lorte
785 4232 884 4288 cadere
908 4231 935 4286 iu

136 4349 197 4389 enm
218 4327 399 4401 corporalium
425 4327 581 4398 passionum
601 4325 762 4382 detrimenta
777 4323 934 4380 credantur.

173 4469 198 4543 (Ι
230 4467 262 4523 lu
273 4467 383 4522 duobus.

172 4541 201 4616 (ἰ
231 4539 381 4595 bardenie.

992 3213 1094 3261 tantum
1112 3207 1299 3278 ignorantibus
1323 3210 1515 3279 blandiantur,
1534 3213 1651 3283 speeiem
1673 3215 1795 3271 veritatis

991 3301 1141 3357 securrduur
1157 3305 1317 3372 pravitatem
1329 3305 1565 3377 interpretantium
1577 3316 1750 3379 praestatura.

1027 3398 1054 3449 8.
1071 3393 1216 3465 Scriptura
1236 3397 1327 3468 quibus
1346 3399 1476 3472 sintpiices
1491 3402 1623 3472 deripiunt
1644 3404 1743 3459 ductii.
1760 3436 1796 3448 -

991 3486 1224 3560 Couautnrenipt,
1239 3492 1298 3546 sola
1315 3491 1361 3548 bei
1378 3492 1465 3550 Patris
1478 3493 1620 3551 divinitate
1638 3497 1795 3570 celebrata,

990 3577 1060 3635 Filio
1074 3580 1180 3637 anlerre
1192 3580 1264 3651 quod
1279 3582 1351 3638 betas
1361 3592 1418 3653 est;
1434 3586 1496 3657 quia
1510 3588 1641 3660 seriptum
1653 3590 1688 3644 sit
1698 3607 1704 3644 :
1714 3589 1794 3658 Audi,

991 3668 1093 3741 lsrael,
1107 3671 1234 3732 bantinus
1250 3674 1320 3730 licus
1332 3685 1391 3732 tuus
1403 3675 1442 3750 (g)
1456 3694 1522 3735 uuus
1533 3689 1569 3735 eat
1584 3677 1675 3752 (Dent.
1690 3698 1736 3750 vt,
1752 3683 1792 3753 dl.

991 3767 1024 3823 Et
1037 3767 1063 3823 id
1079 3768 1167 3839 ipsum
1188 3771 1222 3825 ad
1245 3769 1312 3842 legis
1327 3769 1485 3840 doctorem,
1499 3773 1710 3846 interrogantem
1721 3776 1793 3848 quod

990 3872 1153 3936 preceptum
1170 3866 1317 3922 maximum
1329 3875 1403 3924 esset
1413 3865 1441 3922 iu
1455 3867 1526 3940 lege,
1539 3870 1653 3926 bomine
1664 3869 1793 3928 dicente:

989 3956 1068 4026 Audi,
1085 3955 1186 4027 iarael,
1196 3956 1327 4014 Dratinus
1338 3958 1409 4016 Deua
1422 3971 1482 4015 tuus
1497 3977 1563 4016 unus
1583 3970 1620 4016 est
1633 3960 1731 4034 (ilorci
1743 3979 1793 4032 ιιι,

987 4048 1053 4121 ia).
1077 4051 1112 4107 Et
1127 4068 1233 4108 rursum
1257 4053 1342 4110 Paulo
1365 4055 1402 4111 ita
1421 4054 1586 4127 praedicante
1609 4055 1707 4112 :Unus
1724 4060 1795 4114 euim

987 4139 1069 4210 heus,
1083 4155 1105 4198 et
1116 4161 1182 4199 unus
1195 4144 1325 4201 Mediator
1339 4145 1386 4201 bei
1400 4155 1425 4202 et
1439 4148 1570 4202 lrarrriuum
1585 4147 1607 4222 (Ι
1620 4147 1689 4203 Tiar.
1703 4165 1734 4218 tt,
1752 4150 1791 4223 ii).
1848 4207 1857 4218 .

988 4234 1029 4305 (h)
1054 4234 1121 4291 Tum
1144 4237 1216 4308 quod
1237 4238 1312 4295 solus
1334 4240 1443 4310 sapiens
1458 4242 1511 4308 sit,
1526 4256 1559 4297 ne
1574 4241 1637 4313 quid
1652 4244 1793 4314 sapientiae

987 4324 1059 4382 Filio
1087 4327 1274 4400 relinquatur,
1298 4332 1447 4389 secuudum
1471 4334 1594 4406 Apostoli
1615 4334 1718 4392 dictum
1736 4353 1743 4391 z
1758 4334 1793 4391 lii

1023 4464 1051 4537 (5
1079 4464 1107 4519 lu
1118 4467 1262 4533 anteriori,
1278 4484 1306 4523 ce
1323 4469 1482 4526 existimant.

1023 4539 1048 4608 (a
1080 4534 1288 4595 Commuaiom'r.

171 4657 209 4730 (a)
224 4656 345 4713 Tertium
365 4655 437 4711 irone
456 4665 585 4719 sensum,
602 4665 681 4722 quem
697 4645 836 4706 llaniebai
853 4646 974 4722 inisseg)
1024 4650 1065 4723 (ιι)
1078 4653 1138 4718 Eu,
1164 4653 1238 4726 [ιρι.
1255 4664 1283 4712 ιι
1296 4653 1358 4714 Par,
1376 4657 1519 4713 aucupium„
1545 4657 1594 4714 ppt
1614 4658 1792 4718 purpurium,-

134 4731 218 4800 liquet
243 4745 277 4785 ex
302 4743 330 4783 n.
352 4726 406 4793 li,
433 4732 547 4780 testatur
573 4722 707 4779 Eusebius
732 4720 802 4792 apud
826 4719 931 4776 Socrat.
990 4726 1245 4797 nontuaie,siquis
1260 4728 1634 4802 vetuslibersuilragaretur.

134 4803 181 4858 lib.
198 4819 224 4866 ι,
241 4815 302 4871 cap.
330 4799 367 4865 5,
393 4794 601 4854 Constantinum
627 4797 713 4865 ipsum
730 4794 886 4865 respuisse,
910 4799 934 4845 ct

134 4871 351 4928 consubstantiale
363 4870 395 4926 de
409 4869 540 4938 corporcis
551 4864 728 4934 affectionibus
742 4880 792 4919 ιιοιι
809 4878 884 4934 posse
896 4864 933 4916 iu·

134 4945 233 5015 trliiqi,
254 4959 334 5015 aeque
345 4942 445 4997 lilium
462 4940 511 4995 lici
522 4939 560 4994 uel
575 4938 700 4993 diuisione
719 4936 757 4989 uei
770 4936 932 4999 desectione,

134 5026 161 5070 ut
176 5018 211 5069 ita
224 5015 317 5076 dicam,
334 5024 461 5078 catislare,
472 5021 526 5066 etc.
542 5010 599 5065 lluc
609 5023 694 5078 usque
708 5022 740 5063 ae
751 5006 879 5077 deinceps
888 5005 932 5059 tti·

135 5088 218 5142 larius
232 5085 331 5141 Filium
348 5081 606 5140 consubstantialem
628 5080 702 5136 Patri
721 5080 756 5134 ita
770 5086 848 5134 caute
864 5090 935 5159 prm-

134 5159 223 5226 dieat,
238 5169 267 5213 ιιι
285 5171 393 5212 orunem
408 5157 505 5209 ironam
520 5167 665 5224 pravorum
691 5164 820 5207 sensuum
842 5162 934 5220 sospt-

134 5232 239 5286 cinuem
258 5226 350 5299 qrrocul
363 5235 497 5281 atttoveat.

171 5300 209 5371 (ιι)
220 5300 305 5357 Vetus
316 5296 401 5355 codex
417 5296 494 5354 Colla.
508 5309 569 5351 cum
582 5292 645 5349 Par,
661 5292 759 5349 cunctis
770 5292 934 5352 creationem.

136 5370 341 5439 llrriversorum,
358 5382 387 5426 ut
401 5376 465 5441 pote
480 5364 565 5439 ipsius
575 5366 658 5423 etiam
672 5364 753 5433 Filii,
767 5380 781 5421 a
796 5364 877 5421 Patre
892 5376 935 5425 eat

136 5459 178 5498 ort
198 5463 224 5496 u.

173 5460 209 5587 ὃ)
219 5512 277 5569 Vat.
292 5514 352 5571 bas.
361 5528 413 5569 ms.
426 5512 449 5568 ei
462 5512 487 5566 iu
500 5509 541 5565 his
550 5525 561 5578 ,·
571 5508 615 5564 aiii
628 5508 837 5576 recerrtlores,ct
847 5508 874 5563 lu
885 5507 934 5563 his.

137 5585 193 5641 lloe
207 5583 259 5639 sibl
273 5584 341 5651 rub,
354 5584 426 5640 Patri
438 5600 470 5638 ex
485 5599 539 5653 quo
550 5589 578 5638 et
592 5580 661 5636 Filio
673 5594 722 5652 per
736 5595 816 5651 quem
832 5581 935 5649 omnia,

136 5665 265 5728 quantum
275 5657 309 5711 ad
320 5657 446 5712 virtutem
459 5653 570 5710 creandi
579 5662 606 5710 et
619 5662 744 5722 respectu
758 5664 850 5710 terum
861 5666 937 5710 crea·

138 5738 236 5798 tarum,
248 5742 418 5786 comtuunem
427 5740 488 5784 esse
501 5726 700 5782 auctoritatem.
796 5738 799 5746 ·

1024 4818 1061 4889 (el
1078 4818 1187 4876 Scilicet
1200 4820 1299 4877 Filium
1310 4832 1339 4877 et
1353 4837 1462 4893 semper
1472 4838 1545 4891 esse,
1556 4836 1584 4881 et
1593 4827 1716 4895 eiusoem
1728 4841 1791 4883 cum

987 4889 1068 4944 Patre
1091 4905 1151 4947 esse
1174 4893 1344 4949 substitutio.
1365 4895 1451 4960 Quam
1473 4904 1563 4951 autem
1578 4897 1732 4954 rimemario
1756 4898 1791 4953 ad

989 4960 1052 5017 treci
1068 4964 1241 5020 securitatem
1261 4978 1314 5019 vox
1335 4967 1495 5021 homousion
1520 4969 1629 5024 iuventa
1653 4969 1708 5033 sit,
1730 4969 1791 5026 vide

987 5033 1058 5097 apud
1072 5032 1249 5090 Athanasium
1263 5035 1299 5090 hb
1319 5035 1354 5092 de
1376 5035 1480 5108 Spirod.
1498 5053 1526 5110 p.
1544 5039 1616 5106 dil.
1633 5048 1661 5099 et
1673 5039 1789 5111 Gregor.

988 5101 1053 5158 Nae.
1064 5104 1112 5161 Or.
1128 5121 1193 5173 art,
1211 5123 1239 5161 n.
1254 5104 1300 5161 25.

1025 5196 1059 5266 (()
1083 5195 1238 5267 Perautiqni
1265 5210 1331 5253 mss.
1350 5197 1411 5254 ilat.
1436 5200 1494 5256 bas.
1518 5212 1546 5257 ct
1567 5201 1646 5259 Colb.
1663 5204 1790 5260 ratione:

988 5283 1048 5338 quae
1058 5281 1110 5323 rou
1127 5267 1230 5323 llilariu
1244 5267 1387 5326 lamiliaris
1400 5286 1450 5342 pro
1461 5275 1522 5343 jura
1532 5289 1564 5328 nc
1577 5277 1679 5330 merito.

1017 5358 1065 5443 (9)
1085 5359 1123 5415 lta
1144 5360 1272 5444 meliores
1294 5376 1361 5419 mss.
1389 5374 1561 5429 constanter,
1586 5382 1790 5439 nonnumquam

988 5438 1069 5487 eham
1083 5434 1316 5490 enuseuuentitms
1331 5437 1458 5502 excusis,
1474 5438 1500 5492 ia
1515 5437 1613 5510 quibus
1626 5440 1682 5508 hie,
1705 5455 1789 5510 mor,

988 5514 1017 5560 et
1030 5505 1128 5575 sepius
1143 5504 1207 5562 aiibi
1219 5508 1350 5578 repetitor
1364 5522 1419 5564 uox
1432 5507 1513 5566 beas.

1017 5595 1067 5679 ih)
1078 5596 1166 5655 ilerba
1181 5601 1322 5670 sequentia
1339 5600 1366 5652 iu
1378 5600 1488 5661 excusis
1501 5617 1552 5661 suo
1564 5602 1624 5662 loeo
1635 5611 1708 5661 mota
1720 5644 1729 5673 ,
1743 5617 1791 5661 re·

990 5674 1126 5727 statuimus
1136 5670 1168 5725 ad
1183 5686 1306 5725 nor-trram
1319 5686 1384 5726 uass.
