<?xml version="1.0" encoding="UTF-8"?>
<!DOCTYPE html PUBLIC "-//W3C//DTD XHTML 1.0 Transitional//EN"
    "http://www.w3.org/TR/xhtml1/DTD/xhtml1-transitional.dtd">
<html xmlns="http://www.w3.org/1999/xhtml" xml:lang="en" lang="en">
 <head>
  <title>
</title>
<meta http-equiv="Content-Type" content="text/html;charset=utf-8" />
  <meta name='ocr-system' content='tesseract 3.04.00' />
  <meta name='ocr-capabilities' content='ocr_page ocr_carea ocr_par ocr_line ocrx_word'/>
</head>
<body>
  <div class='ocr_page' id='page_1' title='image "./patrologiaecurs111unkngoog/patrologiaecurs111unkngoog_0253.png"; bbox 0 0 3884 6136; ppageno 0'>
   <div class='ocr_carea' id='block_1_1' title="bbox 117 266 174 326">
    <p class='ocr_par' dir='ltr' id='par_1_1' title="bbox 117 266 174 326">
     <span class='ocr_line' id='line_1_1' title="bbox 117 266 174 326; baseline -0.053 0"><span class='ocrx_word' id='word_1_1' title='bbox 117 266 174 326; x_wconf 78' lang='grc'>497</span> 
     </span>
    </p>
   </div>
   <div class='ocr_carea' id='block_1_2' title="bbox 504 267 1371 341">
    <p class='ocr_par' dir='ltr' id='par_1_2' title="bbox 504 267 1371 341">
     <span class='ocr_line' id='line_1_2' title="bbox 504 267 1371 341; baseline 0.014 -15"><span class='ocrx_word' id='word_1_2' title='bbox 504 270 605 328; x_wconf 74' lang='lat' dir='ltr'>Ltttlltt</span> <span class='ocrx_word' id='word_1_3' title='bbox 631 270 675 328; x_wconf 78' lang='lat' dir='ltr'>DE</span> <span class='ocrx_word' id='word_1_4' title='bbox 697 267 854 341; x_wconf 72' lang='lat' dir='ltr'>sinuato,</span> <span class='ocrx_word' id='word_1_5' title='bbox 871 272 938 332; x_wconf 84' lang='lat' dir='ltr'>SEU</span> <span class='ocrx_word' id='word_1_6' title='bbox 959 275 1003 333; x_wconf 78' lang='lat' dir='ltr'>DE</span> <span class='ocrx_word' id='word_1_7' title='bbox 1023 276 1102 335; x_wconf 72' lang='lat' dir='ltr'>aton</span> <span class='ocrx_word' id='word_1_8' title='bbox 1121 276 1371 340; x_wconf 80' lang='lat' dir='ltr'>ontentattttit.</span> 
     </span>
    </p>
   </div>
   <div class='ocr_carea' id='block_1_3' title="bbox 1722 293 1776 351">
    <p class='ocr_par' dir='ltr' id='par_1_3' title="bbox 1722 293 1776 351">
     <span class='ocr_line' id='line_1_3' title="bbox 1722 293 1776 351; baseline 0.037 -2"><span class='ocrx_word' id='word_1_9' title='bbox 1722 293 1776 351; x_wconf 72' lang='grc'>498</span> 
     </span>
    </p>
   </div>
   <div class='ocr_carea' id='block_1_4' title="bbox 117 384 1776 476">
    <p class='ocr_par' dir='ltr' id='par_1_4' title="bbox 117 384 1776 476">
     <span class='ocr_line' id='line_1_4' title="bbox 117 384 1776 476; baseline 0.014 -38"><span class='ocrx_word' id='word_1_10' title='bbox 117 386 279 442; x_wconf 75' lang='lat' dir='ltr'>versitatum</span> <span class='ocrx_word' id='word_1_11' title='bbox 291 384 367 451; x_wconf 88' lang='lat' dir='ltr'>vitia,</span> <span class='ocrx_word' id='word_1_12' title='bbox 384 399 472 456; x_wconf 71' lang='lat' dir='ltr'>tienne</span> <span class='ocrx_word' id='word_1_13' title='bbox 498 387 605 442; x_wconf 79' lang='lat' dir='ltr'>occasio</span> <span class='ocrx_word' id='word_1_14' title='bbox 631 386 733 442; x_wconf 81' lang='lat' dir='ltr'>fraudis</span> <span class='ocrx_word' id='word_1_15' title='bbox 754 386 960 453; x_wconf 72' lang='lat' dir='ltr'>admittitur.A</span> <span class='ocrx_word' id='word_1_16' title='bbox 1006 390 1053 447; x_wconf 76' lang='lat'>25.</span> <span class='ocrx_word' id='word_1_17' title='bbox 1080 390 1164 458; x_wconf 84' lang='lat' dir='ltr'>Quom</span> <span class='ocrx_word' id='word_1_18' title='bbox 1187 406 1260 452; x_wconf 85' lang='lat' dir='ltr'>conte</span> <span class='ocrx_word' id='word_1_19' title='bbox 1287 399 1346 454; x_wconf 84' lang='lat' dir='ltr'>duoe</span> <span class='ocrx_word' id='word_1_20' title='bbox 1367 401 1475 456; x_wconf 85' lang='lat' dir='ltr'>litercses</span> <span class='ocrx_word' id='word_1_21' title='bbox 1501 413 1590 458; x_wconf 85' lang='lat' dir='ltr'>contro</span> <span class='ocrx_word' id='word_1_22' title='bbox 1617 403 1666 460; x_wconf 79' lang='lat' dir='ltr'>lici</span> <span class='ocrx_word' id='word_1_23' title='bbox 1691 407 1776 476; x_wconf 77' lang='lat' dir='ltr'>plima</span> 
     </span>
    </p>
   </div>
   <div class='ocr_carea' id='block_1_5' title="bbox 71 479 922 1487">
    <p class='ocr_par' dir='ltr' id='par_1_5' title="bbox 71 479 922 1487">
     <span class='ocr_line' id='line_1_5' title="bbox 117 479 921 539; baseline 0 -1"><span class='ocrx_word' id='word_1_24' title='bbox 117 480 217 539; x_wconf 87' lang='lat' dir='ltr'>Plures</span> <span class='ocrx_word' id='word_1_25' title='bbox 228 482 301 538; x_wconf 89' lang='lat' dir='ltr'>enini</span> <span class='ocrx_word' id='word_1_26' title='bbox 316 479 505 537; x_wconf 79' lang='lat' dir='ltr'>laureticorum</span> <span class='ocrx_word' id='word_1_27' title='bbox 522 482 623 538; x_wconf 86' lang='lat' dir='ltr'>idcirco</span> <span class='ocrx_word' id='word_1_28' title='bbox 637 482 753 538; x_wconf 88' lang='lat' dir='ltr'>similem</span> <span class='ocrx_word' id='word_1_29' title='bbox 773 482 921 538; x_wconf 91' lang='lat' dir='ltr'>secundnm</span> 
     </span>
     <span class='ocr_line' id='line_1_6' title="bbox 114 575 922 648; baseline -0.005 -14"><span class='ocrx_word' id='word_1_30' title='bbox 114 577 288 634; x_wconf 81' lang='lat' dir='ltr'>divinitatem</span> <span class='ocrx_word' id='word_1_31' title='bbox 301 590 364 632; x_wconf 87' lang='lat' dir='ltr'>esse</span> <span class='ocrx_word' id='word_1_32' title='bbox 390 576 462 632; x_wconf 86' lang='lat' dir='ltr'>Patri</span> <span class='ocrx_word' id='word_1_33' title='bbox 477 576 575 632; x_wconf 85' lang='lat' dir='ltr'>Filium</span> <span class='ocrx_word' id='word_1_34' title='bbox 590 577 692 643; x_wconf 88' lang='lat' dir='ltr'>dictmt,</span> <span class='ocrx_word' id='word_1_35' title='bbox 719 583 749 631; x_wconf 90' lang='grc' dir='ltr'>ιιι</span> <span class='ocrx_word' id='word_1_36' title='bbox 761 591 810 648; x_wconf 89' lang='lat' dir='ltr'>per</span> <span class='ocrx_word' id='word_1_37' title='bbox 824 575 922 632; x_wconf 91' lang='lat' dir='ltr'>simili-</span> 
     </span>
     <span class='ocr_line' id='line_1_7' title="bbox 115 668 921 743; baseline 0.002 -18"><span class='ocrx_word' id='word_1_38' title='bbox 115 668 221 728; x_wconf 75' lang='lat' dir='ltr'>tudinis</span> <span class='ocrx_word' id='word_1_39' title='bbox 244 669 439 742; x_wconf 77' lang='lat' dir='ltr'>proprietatem</span> <span class='ocrx_word' id='word_1_40' title='bbox 464 670 590 726; x_wconf 90' lang='lat' dir='ltr'>eumdcm</span> <span class='ocrx_word' id='word_1_41' title='bbox 619 670 724 727; x_wconf 82' lang='lat' dir='ltr'>l’atrem</span> <span class='ocrx_word' id='word_1_42' title='bbox 753 684 814 727; x_wconf 88' lang='lat' dir='ltr'>csse</span> <span class='ocrx_word' id='word_1_43' title='bbox 840 686 921 743; x_wconf 83' lang='lat' dir='ltr'>quent</span> 
     </span>
     <span class='ocr_line' id='line_1_8' title="bbox 114 762 921 832; baseline -0.001 -12"><span class='ocrx_word' id='word_1_44' title='bbox 114 763 215 821; x_wconf 79' lang='lat' dir='ltr'>Filium</span> <span class='ocrx_word' id='word_1_45' title='bbox 239 763 401 820; x_wconf 80' lang='lat' dir='ltr'>confirment</span> <span class='ocrx_word' id='word_1_46' title='bbox 420 763 505 832; x_wconf 75' lang='lat' dir='ltr'>sortia</span> <span class='ocrx_word' id='word_1_47' title='bbox 531 762 676 818; x_wconf 86' lang='lat' dir='ltr'>indiscreta</span> <span class='ocrx_word' id='word_1_48' title='bbox 707 762 856 819; x_wconf 72' lang='lat' dir='ltr'>similitudo</span> <span class='ocrx_word' id='word_1_49' title='bbox 870 762 921 819; x_wconf 92' lang='lat' dir='ltr'>ad-</span> 
     </span>
     <span class='ocr_line' id='line_1_9' title="bbox 114 855 918 927; baseline -0.005 -12"><span class='ocrx_word' id='word_1_50' title='bbox 114 859 227 915; x_wconf 88' lang='lat' dir='ltr'>mittere</span> <span class='ocrx_word' id='word_1_51' title='bbox 248 856 373 913; x_wconf 86' lang='lat' dir='ltr'>videatur</span> <span class='ocrx_word' id='word_1_52' title='bbox 403 857 476 912; x_wconf 90' lang='lat' dir='ltr'>unici</span> <span class='ocrx_word' id='word_1_53' title='bbox 498 871 530 912; x_wconf 88' lang='lat' dir='ltr'>ac</span> <span class='ocrx_word' id='word_1_54' title='bbox 554 855 700 927; x_wconf 81' lang='lat' dir='ltr'>singularis</span> <span class='ocrx_word' id='word_1_55' title='bbox 736 857 918 912; x_wconf 78' lang='lat' dir='ltr'>occasionem.</span> 
     </span>
     <span class='ocr_line' id='line_1_10' title="bbox 113 949 918 1023; baseline 0 -15"><span class='ocrx_word' id='word_1_56' title='bbox 113 950 193 1023; x_wconf 79' lang='lat' dir='ltr'>Quod</span> <span class='ocrx_word' id='word_1_57' title='bbox 213 949 286 1007; x_wconf 92' lang='lat' dir='ltr'>enim</span> <span class='ocrx_word' id='word_1_58' title='bbox 302 965 355 1007; x_wconf 94' lang='lat' dir='ltr'>non</span> <span class='ocrx_word' id='word_1_59' title='bbox 378 949 503 1007; x_wconf 92' lang='lat' dir='ltr'>dissentit</span> <span class='ocrx_word' id='word_1_60' title='bbox 528 950 554 1006; x_wconf 91' lang='lat' dir='ltr'>in</span> <span class='ocrx_word' id='word_1_61' title='bbox 578 965 688 1022; x_wconf 75' lang='lat' dir='ltr'>genere,</span> <span class='ocrx_word' id='word_1_62' title='bbox 716 949 741 1006; x_wconf 92' lang='lat' dir='ltr'>id</span> <span class='ocrx_word' id='word_1_63' title='bbox 762 949 868 1006; x_wconf 88' lang='lat' dir='ltr'>videtur</span> <span class='ocrx_word' id='word_1_64' title='bbox 891 950 918 1008; x_wconf 92' lang='lat' dir='ltr'>in</span> 
     </span>
     <span class='ocr_line' id='line_1_11' title="bbox 112 1044 471 1102; baseline -0.011 -1"><span class='ocrx_word' id='word_1_65' title='bbox 112 1044 216 1102; x_wconf 87' lang='lat' dir='ltr'>unione</span> <span class='ocrx_word' id='word_1_66' title='bbox 231 1058 343 1101; x_wconf 83' lang='lat' dir='ltr'>manere</span> <span class='ocrx_word' id='word_1_67' title='bbox 356 1053 471 1100; x_wconf 84' lang='lat' dir='ltr'>natnrae.</span> 
     </span>
     <span class='ocr_line' id='line_1_12' title="bbox 149 1136 918 1211; baseline -0.004 -16"><span class='ocrx_word' id='word_1_68' title='bbox 149 1138 197 1195; x_wconf 64' lang='grc' dir='ltr'>ἥ.</span> <span class='ocrx_word' id='word_1_69' title='bbox 214 1137 302 1194; x_wconf 81' lang='lat' dir='ltr'>Filius</span> <span class='ocrx_word' id='word_1_70' title='bbox 317 1154 347 1194; x_wconf 87' lang='lat' dir='ltr'>eo</span> <span class='ocrx_word' id='word_1_71' title='bbox 372 1139 442 1211; x_wconf 82' lang='lat' dir='ltr'>qnod</span> <span class='ocrx_word' id='word_1_72' title='bbox 456 1147 542 1204; x_wconf 81' lang='lat' dir='ltr'>iratur,</span> <span class='ocrx_word' id='word_1_73' title='bbox 559 1155 605 1192; x_wconf 88' lang='lat' dir='ltr'>nec</span> <span class='ocrx_word' id='word_1_74' title='bbox 624 1139 679 1208; x_wconf 84' lang='lat' dir='ltr'>ipse</span> <span class='ocrx_word' id='word_1_75' title='bbox 700 1139 744 1206; x_wconf 82' lang='lat' dir='ltr'>qni</span> <span class='ocrx_word' id='word_1_76' title='bbox 758 1136 848 1205; x_wconf 84' lang='lat' dir='ltr'>Peter,</span> <span class='ocrx_word' id='word_1_77' title='bbox 872 1153 918 1192; x_wconf 86' lang='lat' dir='ltr'>nec</span> 
     </span>
     <span class='ocr_line' id='line_1_13' title="bbox 111 1230 917 1304; baseline -0.004 -15"><span class='ocrx_word' id='word_1_78' title='bbox 111 1232 188 1289; x_wconf 76' lang='lat' dir='ltr'>utet</span> <span class='ocrx_word' id='word_1_79' title='bbox 211 1248 290 1304; x_wconf 74' lang='lat' dir='ltr'>quom</span> <span class='ocrx_word' id='word_1_80' title='bbox 310 1231 400 1287; x_wconf 82' lang='lat' dir='ltr'>Pater.</span> <span class='ocrx_word' id='word_1_81' title='bbox 417 1230 441 1286; x_wconf 88' lang='lat' dir='ltr'><em>F</em></span> <span class='ocrx_word' id='word_1_82' title='bbox 443 1232 545 1287; x_wconf 85' lang='lat' dir='ltr'>iliumu</span> <span class='ocrx_word' id='word_1_83' title='bbox 565 1231 645 1287; x_wconf 84' lang='lat' dir='ltr'>Patre</span> <span class='ocrx_word' id='word_1_84' title='bbox 665 1232 870 1297; x_wconf 81' lang='lat' dir='ltr'>uliodoolcates,</span> <span class='ocrx_word' id='word_1_85' title='bbox 886 1231 917 1286; x_wconf 84' lang='lat' dir='ltr'>oi</span> 
     </span>
     <span class='ocr_line' id='line_1_14' title="bbox 71 1322 918 1397; baseline -0.002 -15"><span class='ocrx_word' id='word_1_86' title='bbox 71 1386 76 1391; x_wconf 73' lang='grc'>,</span> <span class='ocrx_word' id='word_1_87' title='bbox 115 1326 309 1382; x_wconf 68' lang='lat' dir='ltr'>distinctionem</span> <span class='ocrx_word' id='word_1_88' title='bbox 330 1323 568 1397; x_wconf 59' lang='lat' dir='ltr'>persone-Sed</span> <span class='ocrx_word' id='word_1_89' title='bbox 585 1324 712 1380; x_wconf 77' lang='lat' dir='ltr'>nativitas</span> <span class='ocrx_word' id='word_1_90' title='bbox 734 1340 788 1380; x_wconf 93' lang='lat' dir='ltr'>non</span> <span class='ocrx_word' id='word_1_91' title='bbox 801 1322 918 1380; x_wconf 87' lang='lat' dir='ltr'>admittit</span> 
     </span>
     <span class='ocr_line' id='line_1_15' title="bbox 110 1415 915 1487; baseline -0.005 -13"><span class='ocrx_word' id='word_1_92' title='bbox 110 1420 185 1474; x_wconf 82' lang='lat' dir='ltr'>lianc</span> <span class='ocrx_word' id='word_1_93' title='bbox 204 1418 345 1486; x_wconf 82' lang='lat' dir='ltr'>lalmlam3</span> <span class='ocrx_word' id='word_1_94' title='bbox 367 1416 429 1487; x_wconf 84' lang='lat' dir='ltr'>quia</span> <span class='ocrx_word' id='word_1_95' title='bbox 457 1417 522 1473; x_wconf 90' lang='lat' dir='ltr'>unio</span> <span class='ocrx_word' id='word_1_96' title='bbox 548 1432 601 1473; x_wconf 92' lang='lat' dir='ltr'>non</span> <span class='ocrx_word' id='word_1_97' title='bbox 626 1415 710 1472; x_wconf 79' lang='lat' dir='ltr'>inaltet</span> <span class='ocrx_word' id='word_1_98' title='bbox 735 1415 915 1472; x_wconf 84' lang='lat' dir='ltr'>nativitatem.</span> 
     </span>
    </p>
   </div>
   <div class='ocr_carea' id='block_1_6' title="bbox 968 488 1776 1496">
    <p class='ocr_par' dir='ltr' id='par_1_6' title="bbox 968 488 1776 1496">
     <span class='ocr_line' id='line_1_16' title="bbox 975 488 1775 563; baseline 0.023 -24"><span class='ocrx_word' id='word_1_99' title='bbox 975 488 1272 556; x_wconf 71' lang='lat' dir='ltr'>pernimio-literam</span> <span class='ocrx_word' id='word_1_100' title='bbox 1287 491 1320 547; x_wconf 91' lang='lat' dir='ltr'>ad</span> <span class='ocrx_word' id='word_1_101' title='bbox 1333 495 1477 563; x_wconf 77' lang='lat' dir='ltr'>Apostolos</span> <span class='ocrx_word' id='word_1_102' title='bbox 1488 495 1595 552; x_wconf 81' lang='lat' dir='ltr'>Domini</span> <span class='ocrx_word' id='word_1_103' title='bbox 1608 507 1669 555; x_wconf 79' lang='lat' dir='ltr'>est:</span> <span class='ocrx_word' id='word_1_104' title='bbox 1684 496 1775 557; x_wconf 79' lang='lat' dir='ltr'>Estote</span> 
     </span>
     <span class='ocr_line' id='line_1_17' title="bbox 974 581 1775 664; baseline 0.025 -32"><span class='ocrx_word' id='word_1_105' title='bbox 974 581 1112 650; x_wconf 84' lang='lat' dir='ltr'>prodentes</span> <span class='ocrx_word' id='word_1_106' title='bbox 1125 594 1154 638; x_wconf 86' lang='lat' dir='ltr'>nt</span> <span class='ocrx_word' id='word_1_107' title='bbox 1173 596 1231 640; x_wconf 83' lang='lat' dir='ltr'>snm</span> <span class='ocrx_word' id='word_1_108' title='bbox 1257 597 1396 657; x_wconf 84' lang='lat' dir='ltr'>serpentes,</span> <span class='ocrx_word' id='word_1_109' title='bbox 1413 600 1437 644; x_wconf 90' lang='grc' dir='ltr'>ει</span> <span class='ocrx_word' id='word_1_110' title='bbox 1458 591 1586 664; x_wconf 83' lang='lat' dir='ltr'>sitttpiices</span> <span class='ocrx_word' id='word_1_111' title='bbox 1608 603 1635 649; x_wconf 86' lang='lat' dir='ltr'>ut</span> <span class='ocrx_word' id='word_1_112' title='bbox 1650 596 1775 653; x_wconf 79' lang='lat' dir='ltr'>calentior</span> 
     </span>
     <span class='ocr_line' id='line_1_18' title="bbox 975 670 1776 750; baseline 0.025 -25"><span class='ocrx_word' id='word_1_113' title='bbox 975 670 1094 741; x_wconf 74' lang='lat' dir='ltr'>(Mutila,</span> <span class='ocrx_word' id='word_1_114' title='bbox 1110 675 1204 748; x_wconf 59' lang='grc' dir='ltr'>ωδ).</span> <span class='ocrx_word' id='word_1_115' title='bbox 1226 678 1278 733; x_wconf 84' lang='grc' dir='ltr'>Ρετ</span> <span class='ocrx_word' id='word_1_116' title='bbox 1293 680 1364 750; x_wconf 89' lang='lat' dir='ltr'>quod</span> <span class='ocrx_word' id='word_1_117' title='bbox 1378 681 1568 740; x_wconf 87' lang='lat' dir='ltr'>dissidentium</span> <span class='ocrx_word' id='word_1_118' title='bbox 1582 701 1638 742; x_wconf 87' lang='lat' dir='ltr'>ase</span> <span class='ocrx_word' id='word_1_119' title='bbox 1652 690 1776 745; x_wconf 88' lang='lat' dir='ltr'>animan·</span> 
     </span>
     <span class='ocr_line' id='line_1_19' title="bbox 973 765 1774 847; baseline 0.024 -27"><span class='ocrx_word' id='word_1_120' title='bbox 973 765 1038 820; x_wconf 88' lang='lat' dir='ltr'>tium</span> <span class='ocrx_word' id='word_1_121' title='bbox 1056 768 1143 825; x_wconf 89' lang='lat' dir='ltr'>inesse</span> <span class='ocrx_word' id='word_1_122' title='bbox 1169 770 1246 827; x_wconf 82' lang='lat' dir='ltr'>nnliis</span> <span class='ocrx_word' id='word_1_123' title='bbox 1272 775 1359 828; x_wconf 90' lang='lat' dir='ltr'>voluit</span> <span class='ocrx_word' id='word_1_124' title='bbox 1384 785 1509 830; x_wconf 88' lang='lat' dir='ltr'>naturam</span> <span class='ocrx_word' id='word_1_125' title='bbox 1525 793 1531 830; x_wconf 92' lang='lat'>:</span> <span class='ocrx_word' id='word_1_126' title='bbox 1549 777 1655 847; x_wconf 89' lang='lat' dir='ltr'>sedita,</span> <span class='ocrx_word' id='word_1_127' title='bbox 1671 790 1700 836; x_wconf 91' lang='lat' dir='ltr'>ut</span> <span class='ocrx_word' id='word_1_128' title='bbox 1716 796 1774 838; x_wconf 88' lang='lat' dir='ltr'>ser·</span> 
     </span>
     <span class='ocr_line' id='line_1_20' title="bbox 973 860 1774 945; baseline 0.026 -33"><span class='ocrx_word' id='word_1_129' title='bbox 973 860 1108 928; x_wconf 85' lang='lat' dir='ltr'>pentinum</span> <span class='ocrx_word' id='word_1_130' title='bbox 1133 864 1303 932; x_wconf 88' lang='lat' dir='ltr'>prudentiam</span> <span class='ocrx_word' id='word_1_131' title='bbox 1326 867 1458 924; x_wconf 89' lang='lat' dir='ltr'>columbae</span> <span class='ocrx_word' id='word_1_132' title='bbox 1485 870 1644 940; x_wconf 85' lang='lat' dir='ltr'>simplicitas</span> <span class='ocrx_word' id='word_1_133' title='bbox 1668 883 1774 945; x_wconf 91' lang='lat' dir='ltr'>tempe·</span> 
     </span>
     <span class='ocr_line' id='line_1_21' title="bbox 971 954 1775 1038; baseline 0.026 -34"><span class='ocrx_word' id='word_1_134' title='bbox 971 961 1053 1017; x_wconf 85' lang='lat' dir='ltr'>taret,</span> <span class='ocrx_word' id='word_1_135' title='bbox 1069 963 1096 1008; x_wconf 91' lang='grc' dir='ltr'>ει</span> <span class='ocrx_word' id='word_1_136' title='bbox 1123 954 1325 1026; x_wconf 89' lang='lat' dir='ltr'>simplicitatem</span> <span class='ocrx_word' id='word_1_137' title='bbox 1349 959 1482 1015; x_wconf 82' lang='lat' dir='ltr'>colnmluu</span> <span class='ocrx_word' id='word_1_138' title='bbox 1497 962 1639 1033; x_wconf 92' lang='lat' dir='ltr'>prudentia</span> <span class='ocrx_word' id='word_1_139' title='bbox 1660 981 1775 1038; x_wconf 86' lang='lat' dir='ltr'>serpeu-</span> 
     </span>
     <span class='ocr_line' id='line_1_22' title="bbox 971 1043 1775 1126; baseline 0.02 -28"><span class='ocrx_word' id='word_1_140' title='bbox 971 1043 1005 1098; x_wconf 91' lang='lat' dir='ltr'>tis</span> <span class='ocrx_word' id='word_1_141' title='bbox 1025 1046 1173 1101; x_wconf 87' lang='lat' dir='ltr'>instrueret</span> <span class='ocrx_word' id='word_1_142' title='bbox 1187 1064 1194 1113; x_wconf 89' lang='grc'>;</span> <span class='ocrx_word' id='word_1_143' title='bbox 1214 1049 1343 1120; x_wconf 86' lang='lat' dir='ltr'>lieretqne</span> <span class='ocrx_word' id='word_1_144' title='bbox 1355 1061 1382 1106; x_wconf 90' lang='lat' dir='ltr'>et</span> <span class='ocrx_word' id='word_1_145' title='bbox 1397 1053 1511 1123; x_wconf 84' lang='lat' dir='ltr'>simplex</span> <span class='ocrx_word' id='word_1_146' title='bbox 1531 1055 1674 1126; x_wconf 90' lang='lat' dir='ltr'>sapientia,</span> <span class='ocrx_word' id='word_1_147' title='bbox 1691 1066 1719 1113; x_wconf 88' lang='lat' dir='ltr'>et</span> <span class='ocrx_word' id='word_1_148' title='bbox 1730 1073 1775 1114; x_wconf 87' lang='lat' dir='ltr'>sa-</span> 
     </span>
     <span class='ocr_line' id='line_1_23' title="bbox 970 1136 1773 1219; baseline 0.021 -30"><span class='ocrx_word' id='word_1_149' title='bbox 970 1136 1047 1206; x_wconf 89' lang='lat' dir='ltr'>piens</span> <span class='ocrx_word' id='word_1_150' title='bbox 1071 1138 1232 1208; x_wconf 86' lang='lat' dir='ltr'>simplicitas</span> <span class='ocrx_word' id='word_1_151' title='bbox 1246 1157 1252 1193; x_wconf 93' lang='lat'><strong>:</strong></span> <span class='ocrx_word' id='word_1_152' title='bbox 1268 1141 1338 1212; x_wconf 86' lang='lat' dir='ltr'>qnod</span> <span class='ocrx_word' id='word_1_153' title='bbox 1367 1154 1530 1215; x_wconf 79' lang='lat' dir='ltr'>preceptum</span> <span class='ocrx_word' id='word_1_154' title='bbox 1558 1146 1585 1200; x_wconf 90' lang='lat' dir='ltr'>in</span> <span class='ocrx_word' id='word_1_155' title='bbox 1605 1145 1685 1219; x_wconf 69' lang='lat' dir='ltr'>nutas</span> <span class='ocrx_word' id='word_1_156' title='bbox 1707 1148 1773 1206; x_wconf 86' lang='lat' dir='ltr'>lidei</span> 
     </span>
     <span class='ocr_line' id='line_1_24' title="bbox 969 1233 1768 1315; baseline 0.019 -28"><span class='ocrx_word' id='word_1_157' title='bbox 969 1233 1137 1303; x_wconf 85' lang='lat' dir='ltr'>expositione</span> <span class='ocrx_word' id='word_1_158' title='bbox 1150 1245 1286 1292; x_wconf 89' lang='lat' dir='ltr'>servatum</span> <span class='ocrx_word' id='word_1_159' title='bbox 1301 1246 1353 1292; x_wconf 87' lang='lat' dir='ltr'>est.</span> <span class='ocrx_word' id='word_1_160' title='bbox 1375 1239 1496 1312; x_wconf 85' lang='lat' dir='ltr'>Namque</span> <span class='ocrx_word' id='word_1_161' title='bbox 1508 1256 1569 1296; x_wconf 92' lang='lat' dir='ltr'>cum</span> <span class='ocrx_word' id='word_1_162' title='bbox 1582 1246 1716 1315; x_wconf 78' lang='lat' dir='ltr'>superior,</span> <span class='ocrx_word' id='word_1_163' title='bbox 1732 1244 1768 1302; x_wconf 88' lang='lat' dir='ltr'>de</span> 
     </span>
     <span class='ocr_line' id='line_1_25' title="bbox 968 1325 1773 1408; baseline 0.024 -31"><span class='ocrx_word' id='word_1_164' title='bbox 968 1340 1022 1396; x_wconf 79' lang='lat' dir='ltr'>qnia</span> <span class='ocrx_word' id='word_1_165' title='bbox 1036 1325 1117 1381; x_wconf 89' lang='lat' dir='ltr'>locuti</span> <span class='ocrx_word' id='word_1_166' title='bbox 1133 1341 1238 1397; x_wconf 87' lang='lat' dir='ltr'>sumus,</span> <span class='ocrx_word' id='word_1_167' title='bbox 1255 1332 1392 1386; x_wconf 86' lang='lat' dir='ltr'>senternin</span> <span class='ocrx_word' id='word_1_168' title='bbox 1411 1331 1438 1388; x_wconf 92' lang='lat' dir='ltr'>id</span> <span class='ocrx_word' id='word_1_169' title='bbox 1466 1335 1593 1401; x_wconf 87' lang='lat' dir='ltr'>cavisset,</span> <span class='ocrx_word' id='word_1_170' title='bbox 1610 1353 1653 1401; x_wconf 88' lang='grc' dir='ltr'>τιε,</span> <span class='ocrx_word' id='word_1_171' title='bbox 1671 1353 1719 1408; x_wconf 90' lang='lat' dir='ltr'>per</span> <span class='ocrx_word' id='word_1_172' title='bbox 1733 1339 1773 1395; x_wconf 88' lang='lat' dir='ltr'>si·</span> 
     </span>
     <span class='ocr_line' id='line_1_26' title="bbox 968 1416 1770 1496; baseline 0.017 -23"><span class='ocrx_word' id='word_1_173' title='bbox 968 1416 1148 1478; x_wconf 87' lang='lat' dir='ltr'>militudinem</span> <span class='ocrx_word' id='word_1_174' title='bbox 1162 1421 1300 1489; x_wconf 73' lang='lat' dir='ltr'>essentiae,</span> <span class='ocrx_word' id='word_1_175' title='bbox 1313 1424 1465 1494; x_wconf 89' lang='lat' dir='ltr'>personalis</span> <span class='ocrx_word' id='word_1_176' title='bbox 1477 1425 1541 1480; x_wconf 83' lang='lat' dir='ltr'>uitio</span> <span class='ocrx_word' id='word_1_177' title='bbox 1557 1427 1770 1496; x_wconf 73' lang='lat' dir='ltr'>praedicaretur3</span> 
     </span>
    </p>
   </div>
   <div class='ocr_carea' id='block_1_7' title="bbox 108 1508 1774 1774">
    <p class='ocr_par' dir='ltr' id='par_1_7' title="bbox 108 1508 1774 1774">
     <span class='ocr_line' id='line_1_27' title="bbox 110 1508 1774 1588; baseline 0.008 -23"><span class='ocrx_word' id='word_1_178' title='bbox 110 1508 192 1579; x_wconf 81' lang='lat' dir='ltr'>Quod</span> <span class='ocrx_word' id='word_1_179' title='bbox 206 1510 280 1565; x_wconf 90' lang='lat' dir='ltr'>enim</span> <span class='ocrx_word' id='word_1_180' title='bbox 299 1518 394 1566; x_wconf 88' lang='lat' dir='ltr'>natum</span> <span class='ocrx_word' id='word_1_181' title='bbox 408 1508 551 1576; x_wconf 85' lang='lat' dir='ltr'>est‚habct</span> <span class='ocrx_word' id='word_1_182' title='bbox 563 1509 715 1564; x_wconf 84' lang='lat' dir='ltr'>nativitatis</span> <span class='ocrx_word' id='word_1_183' title='bbox 729 1522 786 1562; x_wconf 75' lang='lat' dir='ltr'>suae</span> <span class='ocrx_word' id='word_1_184' title='bbox 800 1516 914 1578; x_wconf 83' lang='lat' dir='ltr'>patrem.</span> <span class='ocrx_word' id='word_1_185' title='bbox 969 1526 1056 1582; x_wconf 86' lang='lat' dir='ltr'>neqtte</span> <span class='ocrx_word' id='word_1_186' title='bbox 1071 1521 1100 1566; x_wconf 92' lang='grc' dir='ltr'>ιιι</span> <span class='ocrx_word' id='word_1_187' title='bbox 1115 1522 1219 1569; x_wconf 84' lang='lat' dir='ltr'>naturae</span> <span class='ocrx_word' id='word_1_188' title='bbox 1239 1514 1421 1571; x_wconf 81' lang='lat' dir='ltr'>indifferentia</span> <span class='ocrx_word' id='word_1_189' title='bbox 1438 1518 1584 1588; x_wconf 81' lang='lat' dir='ltr'>perimeret</span> <span class='ocrx_word' id='word_1_190' title='bbox 1598 1520 1659 1575; x_wconf 83' lang='lat' dir='ltr'>Filii</span> <span class='ocrx_word' id='word_1_191' title='bbox 1675 1523 1774 1577; x_wconf 89' lang='lat' dir='ltr'>nativi·</span> 
     </span>
     <span class='ocr_line' id='line_1_28' title="bbox 108 1599 1771 1679; baseline 0.004 -18"><span class='ocrx_word' id='word_1_192' title='bbox 108 1602 208 1675; x_wconf 84' lang='lat' dir='ltr'>Neque</span> <span class='ocrx_word' id='word_1_193' title='bbox 222 1602 284 1676; x_wconf 82' lang='lat' dir='ltr'>qnia</span> <span class='ocrx_word' id='word_1_194' title='bbox 297 1601 444 1659; x_wconf 85' lang='lat' dir='ltr'>indiscreta</span> <span class='ocrx_word' id='word_1_195' title='bbox 459 1611 501 1658; x_wconf 91' lang='lat' dir='ltr'>est</span> <span class='ocrx_word' id='word_1_196' title='bbox 517 1602 653 1658; x_wconf 85' lang='lat' dir='ltr'>nascentis</span> <span class='ocrx_word' id='word_1_197' title='bbox 667 1617 683 1656; x_wconf 91' lang='lat' dir='ltr'>a</span> <span class='ocrx_word' id='word_1_198' title='bbox 703 1602 829 1672; x_wconf 76' lang='lat' dir='ltr'>gignente</span> <span class='ocrx_word' id='word_1_199' title='bbox 844 1599 914 1657; x_wconf 87' lang='lat' dir='ltr'>divi·</span> <span class='ocrx_word' id='word_1_200' title='bbox 968 1606 1048 1657; x_wconf 81' lang='lat' dir='ltr'>tatem</span> <span class='ocrx_word' id='word_1_201' title='bbox 1066 1619 1073 1667; x_wconf 89' lang='lat'>;</span> <span class='ocrx_word' id='word_1_202' title='bbox 1088 1612 1116 1658; x_wconf 90' lang='lat' dir='ltr'>ct</span> <span class='ocrx_word' id='word_1_203' title='bbox 1142 1619 1211 1659; x_wconf 84' lang='lat' dir='ltr'>tirius</span> <span class='ocrx_word' id='word_1_204' title='bbox 1230 1619 1262 1660; x_wconf 90' lang='lat' dir='ltr'>ac</span> <span class='ocrx_word' id='word_1_205' title='bbox 1285 1607 1422 1662; x_wconf 90' lang='lat' dir='ltr'>solitarins</span> <span class='ocrx_word' id='word_1_206' title='bbox 1447 1607 1524 1664; x_wconf 87' lang='lat' dir='ltr'>nobis</span> <span class='ocrx_word' id='word_1_207' title='bbox 1540 1622 1613 1665; x_wconf 90' lang='lat' dir='ltr'>esset</span> <span class='ocrx_word' id='word_1_208' title='bbox 1628 1613 1654 1666; x_wconf 93' lang='lat' dir='ltr'>in</span> <span class='ocrx_word' id='word_1_209' title='bbox 1678 1627 1771 1679; x_wconf 88' lang='lat' dir='ltr'>seusu,</span> 
     </span>
     <span class='ocr_line' id='line_1_29' title="bbox 109 1695 1774 1774; baseline 0.004 -20"><span class='ocrx_word' id='word_1_210' title='bbox 109 1698 196 1763; x_wconf 82' lang='lat' dir='ltr'>nitas,</span> <span class='ocrx_word' id='word_1_211' title='bbox 208 1695 269 1752; x_wconf 91' lang='lat' dir='ltr'>ideo</span> <span class='ocrx_word' id='word_1_212' title='bbox 280 1695 338 1767; x_wconf 89' lang='lat' dir='ltr'>ipsc</span> <span class='ocrx_word' id='word_1_213' title='bbox 351 1705 392 1752; x_wconf 82' lang='lat' dir='ltr'>est</span> <span class='ocrx_word' id='word_1_214' title='bbox 403 1705 430 1752; x_wconf 90' lang='lat' dir='ltr'>et</span> <span class='ocrx_word' id='word_1_215' title='bbox 440 1702 586 1767; x_wconf 80' lang='lat' dir='ltr'>generator</span> <span class='ocrx_word' id='word_1_216' title='bbox 600 1703 627 1750; x_wconf 90' lang='lat' dir='ltr'>et</span> <span class='ocrx_word' id='word_1_217' title='bbox 638 1695 745 1765; x_wconf 80' lang='lat' dir='ltr'>genitos</span> <span class='ocrx_word' id='word_1_218' title='bbox 759 1710 767 1759; x_wconf 88' lang='lat'>;</span> <span class='ocrx_word' id='word_1_219' title='bbox 782 1709 844 1748; x_wconf 93' lang='lat' dir='ltr'>cum</span> <span class='ocrx_word' id='word_1_220' title='bbox 859 1705 914 1747; x_wconf 91' lang='lat' dir='ltr'>nnn</span> <span class='ocrx_word' id='word_1_221' title='bbox 966 1698 1028 1768; x_wconf 84' lang='lat' dir='ltr'>qnia</span> <span class='ocrx_word' id='word_1_222' title='bbox 1042 1698 1111 1754; x_wconf 89' lang='lat' dir='ltr'>alter</span> <span class='ocrx_word' id='word_1_223' title='bbox 1125 1697 1159 1752; x_wconf 85' lang='lat' dir='ltr'>ali</span> <span class='ocrx_word' id='word_1_224' title='bbox 1174 1699 1259 1754; x_wconf 89' lang='lat' dir='ltr'>altero</span> <span class='ocrx_word' id='word_1_225' title='bbox 1271 1715 1324 1755; x_wconf 93' lang='lat' dir='ltr'>non</span> <span class='ocrx_word' id='word_1_226' title='bbox 1336 1700 1458 1757; x_wconf 87' lang='lat' dir='ltr'>ditierret</span> <span class='ocrx_word' id='word_1_227' title='bbox 1473 1702 1498 1756; x_wconf 93' lang='lat' dir='ltr'>in</span> <span class='ocrx_word' id='word_1_228' title='bbox 1512 1718 1612 1774; x_wconf 84' lang='lat' dir='ltr'>genere</span> <span class='ocrx_word' id='word_1_229' title='bbox 1625 1723 1631 1760; x_wconf 93' lang='lat'><strong>:</strong></span> <span class='ocrx_word' id='word_1_230' title='bbox 1645 1704 1693 1760; x_wconf 87' lang='lat' dir='ltr'>sod</span> <span class='ocrx_word' id='word_1_231' title='bbox 1707 1720 1774 1762; x_wconf 90' lang='lat' dir='ltr'>con-</span> 
     </span>
    </p>
   </div>
   <div class='ocr_carea' id='block_1_8' title="bbox 107 1789 1772 1866">
    <p class='ocr_par' dir='ltr' id='par_1_8' title="bbox 107 1789 1772 1866">
     <span class='ocr_line' id='line_1_30' title="bbox 107 1789 1772 1866; baseline 0.005 -21"><span class='ocrx_word' id='word_1_232' title='bbox 107 1791 200 1864; x_wconf 89' lang='lat' dir='ltr'>possit</span> <span class='ocrx_word' id='word_1_233' title='bbox 214 1789 265 1844; x_wconf 93' lang='lat' dir='ltr'>nisi</span> <span class='ocrx_word' id='word_1_234' title='bbox 292 1789 361 1844; x_wconf 87' lang='lat' dir='ltr'>alius</span> <span class='ocrx_word' id='word_1_235' title='bbox 376 1799 458 1860; x_wconf 82' lang='lat' dir='ltr'>atqne</span> <span class='ocrx_word' id='word_1_236' title='bbox 472 1790 541 1844; x_wconf 90' lang='lat' dir='ltr'>alins</span> <span class='ocrx_word' id='word_1_237' title='bbox 557 1804 617 1844; x_wconf 87' lang='lat' dir='ltr'>csse</span> <span class='ocrx_word' id='word_1_238' title='bbox 628 1797 655 1843; x_wconf 89' lang='lat' dir='ltr'>ot</span> <span class='ocrx_word' id='word_1_239' title='bbox 678 1801 811 1859; x_wconf 82' lang='lat' dir='ltr'>generans</span> <span class='ocrx_word' id='word_1_240' title='bbox 825 1794 852 1841; x_wconf 90' lang='lat' dir='ltr'>et</span> <span class='ocrx_word' id='word_1_241' title='bbox 863 1800 912 1840; x_wconf 90' lang='lat' dir='ltr'>na·</span> <span class='ocrx_word' id='word_1_242' title='bbox 928 1793 1088 1861; x_wconf 76' lang='lat' dir='ltr'>Bseqncnti</span> <span class='ocrx_word' id='word_1_243' title='bbox 1106 1793 1240 1847; x_wconf 89' lang='lat' dir='ltr'>sententia</span> <span class='ocrx_word' id='word_1_244' title='bbox 1262 1792 1299 1848; x_wconf 91' lang='lat' dir='ltr'>illi</span> <span class='ocrx_word' id='word_1_245' title='bbox 1323 1793 1473 1863; x_wconf 78' lang='lat' dir='ltr'>prudentie</span> <span class='ocrx_word' id='word_1_246' title='bbox 1487 1797 1632 1866; x_wconf 90' lang='lat' dir='ltr'>serpentis,</span> <span class='ocrx_word' id='word_1_247' title='bbox 1647 1799 1690 1852; x_wconf 92' lang='lat' dir='ltr'>cni</span> <span class='ocrx_word' id='word_1_248' title='bbox 1703 1813 1772 1855; x_wconf 92' lang='lat' dir='ltr'>con-</span> 
     </span>
    </p>
   </div>
   <div class='ocr_carea' id='block_1_9' title="bbox 101 1881 912 3175">
    <p class='ocr_par' dir='ltr' id='par_1_9' title="bbox 101 1881 912 3175">
     <span class='ocr_line' id='line_1_31' title="bbox 109 1881 912 1955; baseline -0.002 -18"><span class='ocrx_word' id='word_1_249' title='bbox 109 1893 166 1948; x_wconf 89' lang='lat' dir='ltr'>tus,</span> <span class='ocrx_word' id='word_1_250' title='bbox 184 1898 272 1955; x_wconf 85' lang='lat' dir='ltr'>neque</span> <span class='ocrx_word' id='word_1_251' title='bbox 286 1898 394 1939; x_wconf 90' lang='lat' dir='ltr'>rursum</span> <span class='ocrx_word' id='word_1_252' title='bbox 411 1882 452 1954; x_wconf 87' lang='lat' dir='ltr'>(a)</span> <span class='ocrx_word' id='word_1_253' title='bbox 468 1881 609 1939; x_wconf 88' lang='lat' dir='ltr'>dissimilis</span> <span class='ocrx_word' id='word_1_254' title='bbox 620 1897 681 1939; x_wconf 89' lang='lat' dir='ltr'>esse</span> <span class='ocrx_word' id='word_1_255' title='bbox 696 1885 780 1953; x_wconf 88' lang='lat' dir='ltr'>possit</span> <span class='ocrx_word' id='word_1_256' title='bbox 792 1887 871 1936; x_wconf 88' lang='lat' dir='ltr'>natus</span> <span class='ocrx_word' id='word_1_257' title='bbox 884 1888 912 1935; x_wconf 91' lang='lat' dir='ltr'>ct</span> 
     </span>
     <span class='ocr_line' id='line_1_32' title="bbox 106 1972 911 2048; baseline -0.007 -15"><span class='ocrx_word' id='word_1_258' title='bbox 106 1990 256 2048; x_wconf 73' lang='lat' dir='ltr'>generans.</span> <span class='ocrx_word' id='word_1_259' title='bbox 272 1975 425 2032; x_wconf 77' lang='lat' dir='ltr'>Arinthema</span> <span class='ocrx_word' id='word_1_260' title='bbox 443 1991 508 2046; x_wconf 78' lang='lat' dir='ltr'>ergo</span> <span class='ocrx_word' id='word_1_261' title='bbox 520 1984 574 2042; x_wconf 91' lang='lat' dir='ltr'>est,</span> <span class='ocrx_word' id='word_1_262' title='bbox 588 1977 635 2047; x_wconf 86' lang='lat' dir='ltr'>qni</span> <span class='ocrx_word' id='word_1_263' title='bbox 655 1977 681 2031; x_wconf 92' lang='lat' dir='ltr'>in</span> <span class='ocrx_word' id='word_1_264' title='bbox 698 1976 778 2031; x_wconf 81' lang='lat' dir='ltr'>Patre</span> <span class='ocrx_word' id='word_1_265' title='bbox 798 1983 826 2029; x_wconf 90' lang='grc' dir='ltr'>ει</span> <span class='ocrx_word' id='word_1_266' title='bbox 840 1972 911 2028; x_wconf 80' lang='lat' dir='ltr'>Filio</span> 
     </span>
     <span class='ocr_line' id='line_1_33' title="bbox 107 2068 911 2139; baseline -0.002 -14"><span class='ocrx_word' id='word_1_267' title='bbox 107 2078 216 2126; x_wconf 71' lang='lat' dir='ltr'>naturai</span> <span class='ocrx_word' id='word_1_268' title='bbox 236 2068 441 2126; x_wconf 88' lang='lat' dir='ltr'>similitudinem</span> <span class='ocrx_word' id='word_1_269' title='bbox 468 2068 502 2125; x_wconf 90' lang='lat' dir='ltr'>ad</span> <span class='ocrx_word' id='word_1_270' title='bbox 517 2069 680 2125; x_wconf 77' lang='lat' dir='ltr'>abailendam</span> <span class='ocrx_word' id='word_1_271' title='bbox 695 2068 758 2124; x_wconf 78' lang='lat' dir='ltr'>Filii</span> <span class='ocrx_word' id='word_1_272' title='bbox 781 2081 911 2139; x_wconf 87' lang='lat' dir='ltr'>persona·</span> 
     </span>
     <span class='ocr_line' id='line_1_34' title="bbox 106 2162 911 2237; baseline -0.004 -16"><span class='ocrx_word' id='word_1_273' title='bbox 106 2163 163 2221; x_wconf 90' lang='lat' dir='ltr'>lem</span> <span class='ocrx_word' id='word_1_274' title='bbox 189 2165 395 2236; x_wconf 76' lang='lat' dir='ltr'>sigirilicantiam</span> <span class='ocrx_word' id='word_1_275' title='bbox 422 2164 679 2237; x_wconf 82' lang='lat' dir='ltr'>praedicabit:qirin</span> <span class='ocrx_word' id='word_1_276' title='bbox 704 2179 766 2220; x_wconf 92' lang='lat' dir='ltr'>cnm</span> <span class='ocrx_word' id='word_1_277' title='bbox 795 2162 911 2218; x_wconf 91' lang='lat' dir='ltr'>innullo</span> 
     </span>
     <span class='ocr_line' id='line_1_35' title="bbox 105 2257 909 2333; baseline -0.007 -13"><span class='ocrx_word' id='word_1_278' title='bbox 105 2263 219 2321; x_wconf 82' lang='lat' dir='ltr'>diderat</span> <span class='ocrx_word' id='word_1_279' title='bbox 227 2277 272 2319; x_wconf 83' lang='lat' dir='ltr'>res</span> <span class='ocrx_word' id='word_1_280' title='bbox 287 2278 302 2318; x_wconf 90' lang='lat' dir='ltr'>a</span> <span class='ocrx_word' id='word_1_281' title='bbox 316 2277 346 2318; x_wconf 92' lang='lat' dir='ltr'>re</span> <span class='ocrx_word' id='word_1_282' title='bbox 359 2277 408 2333; x_wconf 90' lang='lat' dir='ltr'>per</span> <span class='ocrx_word' id='word_1_283' title='bbox 428 2270 548 2316; x_wconf 91' lang='lat' dir='ltr'>mntnam</span> <span class='ocrx_word' id='word_1_284' title='bbox 569 2259 777 2315; x_wconf 91' lang='lat' dir='ltr'>similitudinem</span> <span class='ocrx_word' id='word_1_285' title='bbox 789 2275 796 2324; x_wconf 94' lang='lat'>;</span> <span class='ocrx_word' id='word_1_286' title='bbox 810 2257 909 2314; x_wconf 90' lang='lat' dir='ltr'>simili·</span> 
     </span>
     <span class='ocr_line' id='line_1_36' title="bbox 105 2353 911 2427; baseline -0.009 -13"><span class='ocrx_word' id='word_1_287' title='bbox 105 2355 177 2414; x_wconf 90' lang='lat' dir='ltr'>tudo</span> <span class='ocrx_word' id='word_1_288' title='bbox 189 2365 279 2412; x_wconf 83' lang='lat' dir='ltr'>tamen</span> <span class='ocrx_word' id='word_1_289' title='bbox 295 2356 364 2427; x_wconf 86' lang='lat' dir='ltr'>ipsa,</span> <span class='ocrx_word' id='word_1_290' title='bbox 380 2369 433 2410; x_wconf 88' lang='lat' dir='ltr'>tion</span> <span class='ocrx_word' id='word_1_291' title='bbox 450 2354 585 2425; x_wconf 88' lang='lat' dir='ltr'>recipiens</span> <span class='ocrx_word' id='word_1_292' title='bbox 605 2354 742 2421; x_wconf 77' lang='lat' dir='ltr'>ursionem,</span> <span class='ocrx_word' id='word_1_293' title='bbox 764 2353 872 2408; x_wconf 82' lang='lat' dir='ltr'>Patrem</span> <span class='ocrx_word' id='word_1_294' title='bbox 883 2359 911 2409; x_wconf 86' lang='lat' dir='ltr'>et</span> 
     </span>
     <span class='ocr_line' id='line_1_37' title="bbox 105 2446 910 2523; baseline -0.011 -12"><span class='ocrx_word' id='word_1_295' title='bbox 105 2453 208 2511; x_wconf 78' lang='lat' dir='ltr'>Filiam</span> <span class='ocrx_word' id='word_1_296' title='bbox 223 2466 270 2523; x_wconf 89' lang='lat' dir='ltr'>pet</span> <span class='ocrx_word' id='word_1_297' title='bbox 285 2451 324 2518; x_wconf 92' lang='lat' dir='ltr'>id,</span> <span class='ocrx_word' id='word_1_298' title='bbox 344 2450 417 2523; x_wconf 84' lang='lat' dir='ltr'>qarod</span> <span class='ocrx_word' id='word_1_299' title='bbox 432 2449 516 2506; x_wconf 83' lang='lat' dir='ltr'>Filius</span> <span class='ocrx_word' id='word_1_300' title='bbox 539 2449 740 2505; x_wconf 83' lang='lat' dir='ltr'>indemutabilis</span> <span class='ocrx_word' id='word_1_301' title='bbox 762 2446 910 2503; x_wconf 89' lang='lat' dir='ltr'>similitudo</span> 
     </span>
     <span class='ocr_line' id='line_1_38' title="bbox 104 2541 910 2615; baseline -0.009 -10"><span class='ocrx_word' id='word_1_302' title='bbox 104 2549 198 2606; x_wconf 79' lang='lat' dir='ltr'>Patris</span> <span class='ocrx_word' id='word_1_303' title='bbox 210 2556 263 2615; x_wconf 84' lang='lat' dir='ltr'>est,</span> <span class='ocrx_word' id='word_1_304' title='bbox 277 2546 434 2603; x_wconf 88' lang='lat' dir='ltr'>conlltotur.</span> <span class='ocrx_word' id='word_1_305' title='bbox 453 2545 512 2602; x_wconf 84' lang='lat' dir='ltr'>Non</span> <span class='ocrx_word' id='word_1_306' title='bbox 526 2546 599 2601; x_wconf 92' lang='lat' dir='ltr'>enim</span> <span class='ocrx_word' id='word_1_307' title='bbox 615 2552 661 2600; x_wconf 89' lang='lat' dir='ltr'>aut</span> <span class='ocrx_word' id='word_1_308' title='bbox 685 2559 748 2615; x_wconf 89' lang='lat' dir='ltr'>pars</span> <span class='ocrx_word' id='word_1_309' title='bbox 761 2553 802 2600; x_wconf 91' lang='lat' dir='ltr'>est</span> <span class='ocrx_word' id='word_1_310' title='bbox 825 2541 910 2598; x_wconf 84' lang='lat' dir='ltr'>Filius</span> 
     </span>
     <span class='ocr_line' id='line_1_39' title="bbox 104 2633 910 2709; baseline -0.01 -11"><span class='ocrx_word' id='word_1_311' title='bbox 104 2640 207 2708; x_wconf 82' lang='lat' dir='ltr'>Patris,</span> <span class='ocrx_word' id='word_1_312' title='bbox 220 2646 252 2694; x_wconf 88' lang='lat' dir='ltr'>ut</span> <span class='ocrx_word' id='word_1_313' title='bbox 265 2652 336 2694; x_wconf 86' lang='lat' dir='ltr'>nnus</span> <span class='ocrx_word' id='word_1_314' title='bbox 348 2637 403 2693; x_wconf 87' lang='lat' dir='ltr'>dici</span> <span class='ocrx_word' id='word_1_315' title='bbox 424 2637 509 2709; x_wconf 89' lang='lat' dir='ltr'>possit</span> <span class='ocrx_word' id='word_1_316' title='bbox 524 2647 550 2692; x_wconf 91' lang='lat' dir='ltr'>et</span> <span class='ocrx_word' id='word_1_317' title='bbox 566 2647 645 2692; x_wconf 84' lang='lat' dir='ltr'>notris</span> <span class='ocrx_word' id='word_1_318' title='bbox 658 2646 686 2692; x_wconf 89' lang='lat' dir='ltr'>et</span> <span class='ocrx_word' id='word_1_319' title='bbox 697 2649 840 2707; x_wconf 78' lang='lat' dir='ltr'>generans.</span> <span class='ocrx_word' id='word_1_320' title='bbox 857 2633 910 2690; x_wconf 87' lang='lat' dir='ltr'>Ne·</span> 
     </span>
     <span class='ocr_line' id='line_1_40' title="bbox 102 2728 909 2810; baseline -0.012 -17"><span class='ocrx_word' id='word_1_321' title='bbox 102 2735 307 2810; x_wconf 85' lang='lat' dir='ltr'>qneemanatio</span> <span class='ocrx_word' id='word_1_322' title='bbox 318 2742 373 2800; x_wconf 89' lang='lat' dir='ltr'>est,</span> <span class='ocrx_word' id='word_1_323' title='bbox 384 2743 414 2790; x_wconf 92' lang='lat' dir='ltr'>ut</span> <span class='ocrx_word' id='word_1_324' title='bbox 426 2732 576 2789; x_wconf 86' lang='lat' dir='ltr'>cotitinenti</span> <span class='ocrx_word' id='word_1_325' title='bbox 590 2731 664 2788; x_wconf 82' lang='lat' dir='ltr'>luxu</span> <span class='ocrx_word' id='word_1_326' title='bbox 680 2746 727 2802; x_wconf 92' lang='lat' dir='ltr'>per</span> <span class='ocrx_word' id='word_1_327' title='bbox 741 2728 909 2800; x_wconf 90' lang='lat' dir='ltr'>corporalem</span> 
     </span>
     <span class='ocr_line' id='line_1_41' title="bbox 101 2823 910 2899; baseline -0.014 -12"><span class='ocrx_word' id='word_1_328' title='bbox 101 2837 136 2887; x_wconf 82' lang='lat' dir='ltr'>et</span> <span class='ocrx_word' id='word_1_329' title='bbox 160 2827 325 2884; x_wconf 88' lang='lat' dir='ltr'>individuum</span> <span class='ocrx_word' id='word_1_330' title='bbox 341 2841 501 2899; x_wconf 85' lang='lat' dir='ltr'>procursum</span> <span class='ocrx_word' id='word_1_331' title='bbox 521 2825 593 2881; x_wconf 90' lang='lat' dir='ltr'>idem</span> <span class='ocrx_word' id='word_1_332' title='bbox 614 2826 671 2894; x_wconf 87' lang='lat' dir='ltr'>ipse</span> <span class='ocrx_word' id='word_1_333' title='bbox 686 2823 775 2879; x_wconf 84' lang='lat' dir='ltr'>ssivxrrs</span> <span class='ocrx_word' id='word_1_334' title='bbox 787 2831 910 2877; x_wconf 88' lang='lat' dir='ltr'>retentus</span> 
     </span>
     <span class='ocr_line' id='line_1_42' title="bbox 102 2920 910 2995; baseline -0.015 -16"><span class='ocrx_word' id='word_1_335' title='bbox 102 2922 135 2979; x_wconf 90' lang='lat' dir='ltr'>in</span> <span class='ocrx_word' id='word_1_336' title='bbox 159 2921 276 2993; x_wconf 72' lang='lat' dir='ltr'>origine,</span> <span class='ocrx_word' id='word_1_337' title='bbox 289 2920 428 2995; x_wconf 77' lang='lat' dir='ltr'>(tlipsum</span> <span class='ocrx_word' id='word_1_338' title='bbox 450 2920 501 2975; x_wconf 85' lang='lat' dir='ltr'>sibi</span> <span class='ocrx_word' id='word_1_339' title='bbox 516 2922 551 2975; x_wconf 86' lang='lat' dir='ltr'>sit</span> <span class='ocrx_word' id='word_1_340' title='bbox 574 2920 743 2988; x_wconf 82' lang='lat' dir='ltr'>seriemque</span> <span class='ocrx_word' id='word_1_341' title='bbox 764 2923 849 2970; x_wconf 85' lang='lat' dir='ltr'>tractu</span> <span class='ocrx_word' id='word_1_342' title='bbox 865 2928 910 2970; x_wconf 90' lang='lat' dir='ltr'>eo-</span> 
     </span>
     <span class='ocr_line' id='line_1_43' title="bbox 102 3006 908 3085; baseline -0.014 -14"><span class='ocrx_word' id='word_1_343' title='bbox 102 3013 220 3071; x_wconf 84' lang='lat' dir='ltr'>lnurenti</span> <span class='ocrx_word' id='word_1_344' title='bbox 231 3013 308 3085; x_wconf 73' lang='lat' dir='ltr'>oripo</span> <span class='ocrx_word' id='word_1_345' title='bbox 318 3011 389 3084; x_wconf 83' lang='lat' dir='ltr'>qrrod</span> <span class='ocrx_word' id='word_1_346' title='bbox 404 3012 502 3068; x_wconf 81' lang='lat' dir='ltr'>noxus.</span> <span class='ocrx_word' id='word_1_347' title='bbox 515 3011 570 3067; x_wconf 89' lang='lat' dir='ltr'>Sed</span> <span class='ocrx_word' id='word_1_348' title='bbox 585 3009 703 3080; x_wconf 83' lang='lat' dir='ltr'>perlecta</span> <span class='ocrx_word' id='word_1_349' title='bbox 716 3006 844 3063; x_wconf 88' lang='lat' dir='ltr'>nativitas</span> <span class='ocrx_word' id='word_1_350' title='bbox 856 3016 908 3072; x_wconf 91' lang='lat' dir='ltr'>est,</span> 
     </span>
     <span class='ocr_line' id='line_1_44' title="bbox 102 3106 909 3175; baseline -0.009 -10"><span class='ocrx_word' id='word_1_351' title='bbox 102 3116 210 3166; x_wconf 84' lang='lat' dir='ltr'>etcum</span> <span class='ocrx_word' id='word_1_352' title='bbox 240 3118 343 3164; x_wconf 85' lang='lat' dir='ltr'>naturae</span> <span class='ocrx_word' id='word_1_353' title='bbox 369 3106 546 3165; x_wconf 88' lang='lat' dir='ltr'>similitudine</span> <span class='ocrx_word' id='word_1_354' title='bbox 560 3120 674 3162; x_wconf 91' lang='lat' dir='ltr'>manens</span> <span class='ocrx_word' id='word_1_355' title='bbox 689 3121 696 3159; x_wconf 76' lang='grc' dir='ltr'>ι</span> <span class='ocrx_word' id='word_1_356' title='bbox 709 3120 763 3160; x_wconf 92' lang='lat' dir='ltr'>non</span> <span class='ocrx_word' id='word_1_357' title='bbox 777 3111 909 3175; x_wconf 85' lang='lat' dir='ltr'>eovtceptu</span> 
     </span>
    </p>
   </div>
   <div class='ocr_carea' id='block_1_10' title="bbox 960 1883 1817 3177">
    <p class='ocr_par' dir='ltr' id='par_1_10' title="bbox 961 1883 1772 2522">
     <span class='ocr_line' id='line_1_45' title="bbox 964 1883 1772 1962; baseline 0.01 -23"><span class='ocrx_word' id='word_1_358' title='bbox 964 1883 1072 1954; x_wconf 77' lang='lat' dir='ltr'>ligiirari</span> <span class='ocrx_word' id='word_1_359' title='bbox 1100 1900 1161 1939; x_wconf 92' lang='lat' dir='ltr'>cnm</span> <span class='ocrx_word' id='word_1_360' title='bbox 1176 1885 1310 1941; x_wconf 74' lang='lat' dir='ltr'>coturnum</span> <span class='ocrx_word' id='word_1_361' title='bbox 1335 1887 1509 1957; x_wconf 88' lang='lat' dir='ltr'>simplicitate</span> <span class='ocrx_word' id='word_1_362' title='bbox 1522 1891 1706 1960; x_wconf 73' lang='lat' dir='ltr'>praecipimnr,</span> <span class='ocrx_word' id='word_1_363' title='bbox 1723 1906 1772 1962; x_wconf 86' lang='lat' dir='ltr'>per</span> 
     </span>
     <span class='ocr_line' id='line_1_46' title="bbox 963 1975 1771 2050; baseline 0.011 -19"><span class='ocrx_word' id='word_1_364' title='bbox 963 1975 1115 2047; x_wconf 85' lang='lat' dir='ltr'>simplicem</span> <span class='ocrx_word' id='word_1_365' title='bbox 1138 1986 1219 2048; x_wconf 82' lang='lat' dir='ltr'>atque</span> <span class='ocrx_word' id='word_1_366' title='bbox 1251 1979 1427 2047; x_wconf 89' lang='lat' dir='ltr'>apostolicam</span> <span class='ocrx_word' id='word_1_367' title='bbox 1458 1981 1629 2050; x_wconf 86' lang='lat' dir='ltr'>prudentiam</span> <span class='ocrx_word' id='word_1_368' title='bbox 1661 1998 1771 2040; x_wconf 89' lang='lat' dir='ltr'>rursum</span> 
     </span>
     <span class='ocr_line' id='line_1_47' title="bbox 963 2069 1771 2144; baseline 0.014 -21"><span class='ocrx_word' id='word_1_369' title='bbox 963 2081 1103 2124; x_wconf 89' lang='lat' dir='ltr'>occursum</span> <span class='ocrx_word' id='word_1_370' title='bbox 1124 2077 1166 2125; x_wconf 86' lang='lat' dir='ltr'>est</span> <span class='ocrx_word' id='word_1_371' title='bbox 1179 2087 1187 2135; x_wconf 78' lang='lat'>3</span> <span class='ocrx_word' id='word_1_372' title='bbox 1201 2084 1234 2125; x_wconf 92' lang='lat' dir='ltr'>no</span> <span class='ocrx_word' id='word_1_373' title='bbox 1248 2069 1319 2126; x_wconf 83' lang='lat' dir='ltr'>luite</span> <span class='ocrx_word' id='word_1_374' title='bbox 1335 2086 1382 2141; x_wconf 89' lang='lat' dir='ltr'>per</span> <span class='ocrx_word' id='word_1_375' title='bbox 1399 2072 1437 2139; x_wconf 91' lang='lat' dir='ltr'>id,</span> <span class='ocrx_word' id='word_1_376' title='bbox 1455 2074 1527 2143; x_wconf 80' lang='lat' dir='ltr'>qnod</span> <span class='ocrx_word' id='word_1_377' title='bbox 1544 2075 1695 2144; x_wconf 89' lang='lat' dir='ltr'>personalis</span> <span class='ocrx_word' id='word_1_378' title='bbox 1706 2078 1771 2134; x_wconf 80' lang='lat' dir='ltr'>uario</span> 
     </span>
     <span class='ocr_line' id='line_1_48' title="bbox 962 2154 1768 2242; baseline 0.01 -24"><span class='ocrx_word' id='word_1_379' title='bbox 962 2177 1015 2218; x_wconf 87' lang='lat' dir='ltr'>nott</span> <span class='ocrx_word' id='word_1_380' title='bbox 1033 2166 1211 2231; x_wconf 80' lang='lat' dir='ltr'>reciperetur,</span> <span class='ocrx_word' id='word_1_381' title='bbox 1234 2165 1297 2234; x_wconf 82' lang='lat' dir='ltr'>qnia</span> <span class='ocrx_word' id='word_1_382' title='bbox 1311 2164 1380 2220; x_wconf 91' lang='lat' dir='ltr'>alins</span> <span class='ocrx_word' id='word_1_383' title='bbox 1399 2167 1434 2221; x_wconf 86' lang='lat' dir='ltr'>sit</span> <span class='ocrx_word' id='word_1_384' title='bbox 1445 2165 1535 2234; x_wconf 84' lang='lat' dir='ltr'>Pater,</span> <span class='ocrx_word' id='word_1_385' title='bbox 1549 2154 1617 2224; x_wconf 80' lang='lat' dir='ltr'>alins</span> <span class='ocrx_word' id='word_1_386' title='bbox 1632 2179 1659 2225; x_wconf 86' lang='lat' dir='ltr'>ct</span> <span class='ocrx_word' id='word_1_387' title='bbox 1671 2167 1768 2242; x_wconf 83' lang='lat' dir='ltr'>Filius,</span> 
     </span>
     <span class='ocr_line' id='line_1_49' title="bbox 962 2255 1764 2336; baseline 0.015 -26"><span class='ocrx_word' id='word_1_388' title='bbox 962 2255 1119 2327; x_wconf 77' lang='lat' dir='ltr'>pradicatio</span> <span class='ocrx_word' id='word_1_389' title='bbox 1129 2257 1227 2313; x_wconf 87' lang='lat' dir='ltr'>iternm</span> <span class='ocrx_word' id='word_1_390' title='bbox 1242 2259 1381 2316; x_wconf 82' lang='lat' dir='ltr'>dissimilis</span> <span class='ocrx_word' id='word_1_391' title='bbox 1396 2271 1501 2317; x_wconf 82' lang='lat' dir='ltr'>nattum</span> <span class='ocrx_word' id='word_1_392' title='bbox 1512 2265 1598 2333; x_wconf 80' lang='lat' dir='ltr'>possit</span> <span class='ocrx_word' id='word_1_393' title='bbox 1611 2265 1744 2336; x_wconf 82' lang='lat' dir='ltr'>obrepere</span> <span class='ocrx_word' id='word_1_394' title='bbox 1757 2287 1764 2322; x_wconf 74' lang='grc' dir='ltr'>ε</span> 
     </span>
     <span class='ocr_line' id='line_1_50' title="bbox 962 2349 1769 2429; baseline 0.016 -26"><span class='ocrx_word' id='word_1_395' title='bbox 962 2364 997 2405; x_wconf 95' lang='lat' dir='ltr'>ne</span> <span class='ocrx_word' id='word_1_396' title='bbox 1009 2364 1069 2404; x_wconf 93' lang='lat' dir='ltr'>cnm</span> <span class='ocrx_word' id='word_1_397' title='bbox 1082 2349 1152 2405; x_wconf 86' lang='lat' dir='ltr'>alins</span> <span class='ocrx_word' id='word_1_398' title='bbox 1164 2353 1261 2424; x_wconf 83' lang='lat' dir='ltr'>estqui</span> <span class='ocrx_word' id='word_1_399' title='bbox 1273 2353 1388 2420; x_wconf 90' lang='lat' dir='ltr'>miserit,</span> <span class='ocrx_word' id='word_1_400' title='bbox 1401 2365 1428 2410; x_wconf 91' lang='grc' dir='ltr'>ει</span> <span class='ocrx_word' id='word_1_401' title='bbox 1439 2355 1506 2410; x_wconf 91' lang='lat' dir='ltr'>alins</span> <span class='ocrx_word' id='word_1_402' title='bbox 1515 2359 1606 2429; x_wconf 83' lang='lat' dir='ltr'>estqui</span> <span class='ocrx_word' id='word_1_403' title='bbox 1616 2360 1714 2415; x_wconf 85' lang='lat' dir='ltr'>missus</span> <span class='ocrx_word' id='word_1_404' title='bbox 1727 2371 1769 2418; x_wconf 86' lang='lat' dir='ltr'>cst</span> 
     </span>
     <span class='ocr_line' id='line_1_51' title="bbox 961 2441 1767 2522; baseline 0.021 -31"><span class='ocrx_word' id='word_1_405' title='bbox 961 2441 1035 2512; x_wconf 75' lang='lat' dir='ltr'>(qiiia</span> <span class='ocrx_word' id='word_1_406' title='bbox 1051 2456 1104 2496; x_wconf 91' lang='lat' dir='ltr'>non</span> <span class='ocrx_word' id='word_1_407' title='bbox 1132 2456 1201 2498; x_wconf 87' lang='lat' dir='ltr'>uirus</span> <span class='ocrx_word' id='word_1_408' title='bbox 1222 2453 1264 2498; x_wconf 89' lang='lat' dir='ltr'>est</span> <span class='ocrx_word' id='word_1_409' title='bbox 1287 2446 1425 2503; x_wconf 84' lang='lat' dir='ltr'>missnset</span> <span class='ocrx_word' id='word_1_410' title='bbox 1447 2450 1580 2522; x_wconf 84' lang='lat' dir='ltr'>mittens),</span> <span class='ocrx_word' id='word_1_411' title='bbox 1595 2451 1721 2508; x_wconf 75' lang='lat' dir='ltr'>discretae</span> <span class='ocrx_word' id='word_1_412' title='bbox 1735 2468 1767 2509; x_wconf 89' lang='lat' dir='ltr'>ac</span> 
     </span>
    </p>

    <p class='ocr_par' dir='ltr' id='par_1_11' title="bbox 960 2522 1817 3177">
     <span class='ocr_line' id='line_1_52' title="bbox 961 2522 1817 2602; baseline 0.013 -11"><span class='ocrx_word' id='word_1_413' title='bbox 961 2535 1100 2591; x_wconf 89' lang='lat' dir='ltr'>dissimilis</span> <span class='ocrx_word' id='word_1_414' title='bbox 1119 2547 1224 2593; x_wconf 75' lang='lat' dir='ltr'>natvrrae</span> <span class='ocrx_word' id='word_1_415' title='bbox 1238 2539 1460 2596; x_wconf 84' lang='lat' dir='ltr'>existimarentur</span> <span class='ocrx_word' id='word_1_416' title='bbox 1474 2558 1535 2598; x_wconf 86' lang='lat' dir='ltr'>esse</span> <span class='ocrx_word' id='word_1_417' title='bbox 1548 2544 1684 2600; x_wconf 89' lang='lat' dir='ltr'>missnset</span> <span class='ocrx_word' id='word_1_418' title='bbox 1704 2547 1766 2602; x_wconf 91' lang='lat' dir='ltr'>mit·</span> <span class='ocrx_word' id='word_1_419' title='bbox 1814 2522 1817 2527; x_wconf 25' lang='grc' dir='ltr'>Ι</span> 
     </span>
     <span class='ocr_line' id='line_1_53' title="bbox 961 2631 1767 2708; baseline 0.015 -24"><span class='ocrx_word' id='word_1_420' title='bbox 961 2637 1105 2696; x_wconf 83' lang='lat' dir='ltr'>tens,cum</span> <span class='ocrx_word' id='word_1_421' title='bbox 1128 2631 1243 2687; x_wconf 74' lang='lat' dir='ltr'>diversae</span> <span class='ocrx_word' id='word_1_422' title='bbox 1258 2635 1384 2689; x_wconf 75' lang='lat' dir='ltr'>essentiae</span> <span class='ocrx_word' id='word_1_423' title='bbox 1406 2650 1467 2691; x_wconf 90' lang='lat' dir='ltr'>esse</span> <span class='ocrx_word' id='word_1_424' title='bbox 1489 2652 1542 2692; x_wconf 93' lang='lat' dir='ltr'>non</span> <span class='ocrx_word' id='word_1_425' title='bbox 1566 2639 1673 2708; x_wconf 86' lang='lat' dir='ltr'>possint</span> <span class='ocrx_word' id='word_1_426' title='bbox 1687 2647 1767 2696; x_wconf 88' lang='lat' dir='ltr'>uatus</span> 
     </span>
     <span class='ocr_line' id='line_1_54' title="bbox 961 2723 1765 2798; baseline 0.015 -22"><span class='ocrx_word' id='word_1_427' title='bbox 961 2729 989 2776; x_wconf 89' lang='lat' dir='ltr'>ct</span> <span class='ocrx_word' id='word_1_428' title='bbox 1011 2725 1133 2793; x_wconf 78' lang='lat' dir='ltr'>gignens.</span> <span class='ocrx_word' id='word_1_429' title='bbox 1160 2723 1408 2798; x_wconf 81' lang='lat' dir='ltr'>Retinetnritaque</span> <span class='ocrx_word' id='word_1_430' title='bbox 1430 2727 1457 2784; x_wconf 90' lang='lat' dir='ltr'>iu</span> <span class='ocrx_word' id='word_1_431' title='bbox 1484 2729 1565 2786; x_wconf 86' lang='lat' dir='ltr'>Patre</span> <span class='ocrx_word' id='word_1_432' title='bbox 1581 2738 1608 2786; x_wconf 87' lang='lat' dir='ltr'>et</span> <span class='ocrx_word' id='word_1_433' title='bbox 1633 2732 1702 2788; x_wconf 85' lang='lat' dir='ltr'>Filio</span> <span class='ocrx_word' id='word_1_434' title='bbox 1715 2749 1765 2788; x_wconf 86' lang='lat' dir='ltr'>rra·</span> 
     </span>
     <span class='ocr_line' id='line_1_55' title="bbox 960 2815 1764 2891; baseline 0.015 -21"><span class='ocrx_word' id='word_1_435' title='bbox 960 2824 1027 2870; x_wconf 76' lang='lat' dir='ltr'>turae</span> <span class='ocrx_word' id='word_1_436' title='bbox 1049 2815 1227 2873; x_wconf 85' lang='lat' dir='ltr'>iudillerentis</span> <span class='ocrx_word' id='word_1_437' title='bbox 1249 2818 1398 2876; x_wconf 91' lang='lat' dir='ltr'>similitudo</span> <span class='ocrx_word' id='word_1_438' title='bbox 1419 2836 1468 2891; x_wconf 89' lang='lat' dir='ltr'>per</span> <span class='ocrx_word' id='word_1_439' title='bbox 1484 2825 1611 2879; x_wconf 77' lang='lat' dir='ltr'>essentie</span> <span class='ocrx_word' id='word_1_440' title='bbox 1634 2826 1764 2882; x_wconf 89' lang='lat' dir='ltr'>nativita-</span> 
     </span>
     <span class='ocr_line' id='line_1_56' title="bbox 962 2910 1764 2984; baseline 0.021 -23"><span class='ocrx_word' id='word_1_441' title='bbox 962 2915 1014 2963; x_wconf 92' lang='lat' dir='ltr'>tem</span> <span class='ocrx_word' id='word_1_442' title='bbox 1033 2927 1038 2962; x_wconf 97' lang='lat'><strong>:</strong></span> <span class='ocrx_word' id='word_1_443' title='bbox 1056 2923 1109 2964; x_wconf 91' lang='lat' dir='ltr'>non</span> <span class='ocrx_word' id='word_1_444' title='bbox 1133 2921 1222 2966; x_wconf 77' lang='lat' dir='ltr'>tannen</span> <span class='ocrx_word' id='word_1_445' title='bbox 1246 2910 1373 2967; x_wconf 91' lang='lat' dir='ltr'>damnum</span> <span class='ocrx_word' id='word_1_446' title='bbox 1398 2930 1522 2984; x_wconf 89' lang='lat' dir='ltr'>personae</span> <span class='ocrx_word' id='word_1_447' title='bbox 1547 2918 1635 2984; x_wconf 83' lang='lat' dir='ltr'>allent,</span> <span class='ocrx_word' id='word_1_448' title='bbox 1650 2930 1680 2975; x_wconf 92' lang='lat' dir='ltr'>nt</span> <span class='ocrx_word' id='word_1_449' title='bbox 1694 2937 1764 2979; x_wconf 80' lang='lat' dir='ltr'>unias</span> 
     </span>
     <span class='ocr_line' id='line_1_57' title="bbox 961 3001 1767 3082; baseline 0.017 -26"><span class='ocrx_word' id='word_1_450' title='bbox 961 3001 997 3057; x_wconf 86' lang='lat' dir='ltr'>sit</span> <span class='ocrx_word' id='word_1_451' title='bbox 1010 3002 1108 3057; x_wconf 86' lang='lat' dir='ltr'>missus</span> <span class='ocrx_word' id='word_1_452' title='bbox 1117 3011 1145 3059; x_wconf 93' lang='lat' dir='ltr'>et</span> <span class='ocrx_word' id='word_1_453' title='bbox 1160 3005 1281 3072; x_wconf 91' lang='lat' dir='ltr'>mittens,</span> <span class='ocrx_word' id='word_1_454' title='bbox 1298 3006 1447 3063; x_wconf 88' lang='lat' dir='ltr'>similitudo</span> <span class='ocrx_word' id='word_1_455' title='bbox 1470 3019 1584 3066; x_wconf 75' lang='lat' dir='ltr'>naturae.</span> <span class='ocrx_word' id='word_1_456' title='bbox 1599 3011 1692 3082; x_wconf 84' lang='lat' dir='ltr'>Neque</span> <span class='ocrx_word' id='word_1_457' title='bbox 1706 3029 1767 3070; x_wconf 88' lang='grc' dir='ltr'>τιττ-</span> 
     </span>
     <span class='ocr_line' id='line_1_58' title="bbox 960 3095 1768 3177; baseline 0.019 -29"><span class='ocrx_word' id='word_1_458' title='bbox 960 3107 1021 3149; x_wconf 87' lang='lat' dir='ltr'>snm</span> <span class='ocrx_word' id='word_1_459' title='bbox 1037 3095 1063 3148; x_wconf 89' lang='lat' dir='ltr'>iu</span> <span class='ocrx_word' id='word_1_460' title='bbox 1092 3110 1216 3165; x_wconf 77' lang='lat' dir='ltr'>persona</span> <span class='ocrx_word' id='word_1_461' title='bbox 1245 3100 1422 3168; x_wconf 88' lang='lat' dir='ltr'>proprietate,</span> <span class='ocrx_word' id='word_1_462' title='bbox 1437 3115 1499 3155; x_wconf 92' lang='lat' dir='ltr'>cum</span> <span class='ocrx_word' id='word_1_463' title='bbox 1529 3118 1582 3158; x_wconf 93' lang='lat' dir='ltr'>non</span> <span class='ocrx_word' id='word_1_464' title='bbox 1598 3109 1684 3174; x_wconf 82' lang='lat' dir='ltr'>possit</span> <span class='ocrx_word' id='word_1_465' title='bbox 1708 3108 1768 3177; x_wconf 88' lang='lat' dir='ltr'>ipse</span> 
     </span>
    </p>
   </div>
   <div class='ocr_carea' id='block_1_11' title="bbox 102 3187 1766 3275">
    <p class='ocr_par' dir='ltr' id='par_1_12' title="bbox 102 3187 1766 3275">
     <span class='ocr_line' id='line_1_59' title="bbox 102 3187 1766 3275; baseline 0.007 -32"><span class='ocrx_word' id='word_1_466' title='bbox 102 3211 134 3260; x_wconf 55' lang='grc' dir='ltr'>οι</span> <span class='ocrx_word' id='word_1_467' title='bbox 148 3212 226 3274; x_wconf 63' lang='lat' dir='ltr'>„mu</span> <span class='ocrx_word' id='word_1_468' title='bbox 239 3201 375 3275; x_wconf 56' lang='lat' dir='ltr'>pomp</span> <span class='ocrx_word' id='word_1_469' title='bbox 399 3200 579 3273; x_wconf 58' lang='lat' dir='ltr'>cmpofapiep</span> <span class='ocrx_word' id='word_1_470' title='bbox 593 3198 729 3263; x_wconf 60' lang='lat' dir='ltr'>incohata,</span> <span class='ocrx_word' id='word_1_471' title='bbox 745 3196 793 3253; x_wconf 67' lang='lat' dir='ltr'>sen</span> <span class='ocrx_word' id='word_1_472' title='bbox 813 3202 946 3264; x_wconf 55' lang='lat' dir='ltr'>secane</span> <span class='ocrx_word' id='word_1_473' title='bbox 962 3187 1012 3243; x_wconf 87' lang='lat' dir='ltr'>sibi</span> <span class='ocrx_word' id='word_1_474' title='bbox 1028 3203 1098 3244; x_wconf 86' lang='lat' dir='ltr'>rinus</span> <span class='ocrx_word' id='word_1_475' title='bbox 1111 3197 1139 3244; x_wconf 90' lang='grc' dir='ltr'>ει</span> <span class='ocrx_word' id='word_1_476' title='bbox 1151 3188 1221 3246; x_wconf 83' lang='lat' dir='ltr'>lilins</span> <span class='ocrx_word' id='word_1_477' title='bbox 1246 3198 1274 3247; x_wconf 90' lang='lat' dir='ltr'>et</span> <span class='ocrx_word' id='word_1_478' title='bbox 1300 3192 1381 3249; x_wconf 87' lang='lat' dir='ltr'>Pater</span> <span class='ocrx_word' id='word_1_479' title='bbox 1394 3194 1458 3262; x_wconf 89' lang='lat' dir='ltr'>dici,</span> <span class='ocrx_word' id='word_1_480' title='bbox 1474 3195 1594 3252; x_wconf 76' lang='lat' dir='ltr'>aufertor</span> <span class='ocrx_word' id='word_1_481' title='bbox 1614 3198 1766 3254; x_wconf 88' lang='lat' dir='ltr'>similitudo</span> 
     </span>
    </p>
   </div>
   <div class='ocr_carea' id='block_1_12' title="bbox 72 3290 910 4403">
    <p class='ocr_par' dir='ltr' id='par_1_13' title="bbox 72 3290 910 4403">
     <span class='ocr_line' id='line_1_60' title="bbox 104 3290 907 3368; baseline -0.009 -15"><span class='ocrx_word' id='word_1_482' title='bbox 104 3297 171 3353; x_wconf 91' lang='lat' dir='ltr'>dum</span> <span class='ocrx_word' id='word_1_483' title='bbox 200 3297 321 3368; x_wconf 83' lang='lat' dir='ltr'>ejusdcm</span> <span class='ocrx_word' id='word_1_484' title='bbox 356 3306 459 3353; x_wconf 78' lang='lat' dir='ltr'>natura</span> <span class='ocrx_word' id='word_1_485' title='bbox 496 3294 700 3351; x_wconf 88' lang='lat' dir='ltr'>similitudinem</span> <span class='ocrx_word' id='word_1_486' title='bbox 729 3290 907 3363; x_wconf 90' lang='lat' dir='ltr'>incorporalis</span> 
     </span>
     <span class='ocr_line' id='line_1_61' title="bbox 104 3388 770 3465; baseline -0.009 -17"><span class='ocrx_word' id='word_1_487' title='bbox 104 3389 190 3465; x_wconf 61' lang='grc'>474</span> <span class='ocrx_word' id='word_1_488' title='bbox 201 3389 287 3447; x_wconf 74' lang='lat' dir='ltr'>Filius</span> <span class='ocrx_word' id='word_1_489' title='bbox 300 3405 333 3447; x_wconf 84' lang='lat' dir='ltr'>ex</span> <span class='ocrx_word' id='word_1_490' title='bbox 347 3389 509 3463; x_wconf 88' lang='lat' dir='ltr'>incorporali</span> <span class='ocrx_word' id='word_1_491' title='bbox 519 3390 598 3447; x_wconf 88' lang='lat' dir='ltr'>Patre</span> <span class='ocrx_word' id='word_1_492' title='bbox 611 3388 770 3445; x_wconf 86' lang='lat' dir='ltr'>subsistens.</span> 
     </span>
     <span class='ocr_line' id='line_1_62' title="bbox 142 3481 909 3559; baseline -0.008 -17"><span class='ocrx_word' id='word_1_493' title='bbox 142 3485 191 3542; x_wconf 86' lang='lat' dir='ltr'>tx.</span> <span class='ocrx_word' id='word_1_494' title='bbox 210 3504 220 3539; x_wconf 88' lang='grc' dir='ltr'>ι</span> <span class='ocrx_word' id='word_1_495' title='bbox 239 3484 273 3541; x_wconf 79' lang='lat' dir='ltr'>Et</span> <span class='ocrx_word' id='word_1_496' title='bbox 289 3485 311 3541; x_wconf 89' lang='lat' dir='ltr'>si</span> <span class='ocrx_word' id='word_1_497' title='bbox 324 3485 395 3559; x_wconf 82' lang='lat' dir='ltr'>quis,</span> <span class='ocrx_word' id='word_1_498' title='bbox 411 3495 553 3557; x_wconf 87' lang='lat' dir='ltr'>propterea</span> <span class='ocrx_word' id='word_1_499' title='bbox 566 3484 637 3557; x_wconf 79' lang='lat' dir='ltr'>qood</span> <span class='ocrx_word' id='word_1_500' title='bbox 663 3497 808 3554; x_wconf 85' lang='lat' dir='ltr'>rtrrmquam</span> <span class='ocrx_word' id='word_1_501' title='bbox 828 3481 909 3538; x_wconf 87' lang='lat' dir='ltr'>Patet</span> 
     </span>
     <span class='ocr_line' id='line_1_63' title="bbox 112 3575 908 3652; baseline -0.006 -18"><span class='ocrx_word' id='word_1_502' title='bbox 112 3577 195 3637; x_wconf 81' lang='lat' dir='ltr'>Filius</span> <span class='ocrx_word' id='word_1_503' title='bbox 207 3578 378 3651; x_wconf 78' lang='lat' dir='ltr'>intelligitur,</span> <span class='ocrx_word' id='word_1_504' title='bbox 389 3590 415 3636; x_wconf 90' lang='lat' dir='ltr'>et</span> <span class='ocrx_word' id='word_1_505' title='bbox 429 3580 502 3652; x_wconf 83' lang='lat' dir='ltr'>quod</span> <span class='ocrx_word' id='word_1_506' title='bbox 515 3579 599 3636; x_wconf 78' lang='lat' dir='ltr'>Filias</span> <span class='ocrx_word' id='word_1_507' title='bbox 615 3593 760 3648; x_wconf 82' lang='lat' dir='ltr'>numquam</span> <span class='ocrx_word' id='word_1_508' title='bbox 771 3576 852 3631; x_wconf 81' lang='lat' dir='ltr'>Pater</span> <span class='ocrx_word' id='word_1_509' title='bbox 867 3575 908 3630; x_wconf 90' lang='lat' dir='ltr'>in·</span> 
     </span>
     <span class='ocr_line' id='line_1_64' title="bbox 111 3669 906 3744; baseline -0.005 -17"><span class='ocrx_word' id='word_1_510' title='bbox 111 3672 264 3744; x_wconf 80' lang='lat' dir='ltr'>telligitnr,</span> <span class='ocrx_word' id='word_1_511' title='bbox 290 3673 373 3729; x_wconf 79' lang='lat' dir='ltr'>alitum</span> <span class='ocrx_word' id='word_1_512' title='bbox 401 3673 494 3730; x_wconf 90' lang='lat' dir='ltr'>dicens</span> <span class='ocrx_word' id='word_1_513' title='bbox 532 3672 628 3728; x_wconf 85' lang='lat' dir='ltr'>Filium</span> <span class='ocrx_word' id='word_1_514' title='bbox 663 3680 760 3741; x_wconf 86' lang='lat' dir='ltr'>prater</span> <span class='ocrx_word' id='word_1_515' title='bbox 787 3669 906 3736; x_wconf 85' lang='lat' dir='ltr'>Patrem,</span> 
     </span>
     <span class='ocr_line' id='line_1_65' title="bbox 114 3762 910 3839; baseline -0.01 -16"><span class='ocrx_word' id='word_1_516' title='bbox 114 3776 253 3839; x_wconf 82' lang='lat' dir='ltr'>propterea</span> <span class='ocrx_word' id='word_1_517' title='bbox 278 3766 348 3836; x_wconf 87' lang='lat' dir='ltr'>quod</span> <span class='ocrx_word' id='word_1_518' title='bbox 360 3766 430 3824; x_wconf 88' lang='lat' dir='ltr'>alius</span> <span class='ocrx_word' id='word_1_519' title='bbox 449 3767 483 3822; x_wconf 92' lang='lat' dir='ltr'>sit</span> <span class='ocrx_word' id='word_1_520' title='bbox 504 3768 594 3828; x_wconf 81' lang='lat' dir='ltr'>Pater,</span> <span class='ocrx_word' id='word_1_521' title='bbox 611 3765 680 3819; x_wconf 89' lang='lat' dir='ltr'>alins</span> <span class='ocrx_word' id='word_1_522' title='bbox 704 3765 739 3819; x_wconf 89' lang='lat' dir='ltr'>sit</span> <span class='ocrx_word' id='word_1_523' title='bbox 761 3762 856 3827; x_wconf 84' lang='lat' dir='ltr'>Filius,</span> <span class='ocrx_word' id='word_1_524' title='bbox 870 3775 910 3816; x_wconf 88' lang='lat' dir='ltr'>se·</span> 
     </span>
     <span class='ocr_line' id='line_1_66' title="bbox 113 3855 909 3930; baseline -0.009 -17"><span class='ocrx_word' id='word_1_525' title='bbox 113 3860 225 3915; x_wconf 87' lang='lat' dir='ltr'>tundunt</span> <span class='ocrx_word' id='word_1_526' title='bbox 241 3858 314 3930; x_wconf 83' lang='lat' dir='ltr'>quod</span> <span class='ocrx_word' id='word_1_527' title='bbox 342 3859 443 3915; x_wconf 85' lang='lat' dir='ltr'>dictum</span> <span class='ocrx_word' id='word_1_528' title='bbox 459 3867 501 3915; x_wconf 79' lang='grc' dir='ltr'>εει</span> <span class='ocrx_word' id='word_1_529' title='bbox 516 3901 523 3926; x_wconf 91' lang='grc'>,</span> <span class='ocrx_word' id='word_1_530' title='bbox 540 3858 615 3912; x_wconf 78' lang='lat' dir='ltr'>Alios</span> <span class='ocrx_word' id='word_1_531' title='bbox 628 3867 665 3913; x_wconf 86' lang='lat' dir='ltr'>est</span> <span class='ocrx_word' id='word_1_532' title='bbox 679 3857 722 3926; x_wconf 83' lang='lat' dir='ltr'>qni</span> <span class='ocrx_word' id='word_1_533' title='bbox 737 3855 909 3910; x_wconf 88' lang='lat' dir='ltr'>testimoninm</span> 
     </span>
     <span class='ocr_line' id='line_1_67' title="bbox 107 3948 906 4023; baseline -0.004 -18"><span class='ocrx_word' id='word_1_534' title='bbox 107 3950 223 4018; x_wconf 75' lang='lat' dir='ltr'>perlubet</span> <span class='ocrx_word' id='word_1_535' title='bbox 241 3954 277 4023; x_wconf 84' lang='grc' dir='ltr'>(ε)</span> <span class='ocrx_word' id='word_1_536' title='bbox 299 3953 372 4018; x_wconf 86' lang='lat' dir='ltr'>ntilii,</span> <span class='ocrx_word' id='word_1_537' title='bbox 394 3954 437 4022; x_wconf 81' lang='lat' dir='ltr'>qui</span> <span class='ocrx_word' id='word_1_538' title='bbox 452 3969 492 4007; x_wconf 85' lang='lat' dir='ltr'>iiie</span> <span class='ocrx_word' id='word_1_539' title='bbox 506 3954 575 4007; x_wconf 85' lang='lat' dir='ltr'>misit</span> <span class='ocrx_word' id='word_1_540' title='bbox 588 3950 666 4005; x_wconf 79' lang='lat' dir='ltr'>Potes</span> <span class='ocrx_word' id='word_1_541' title='bbox 680 3949 783 4022; x_wconf 78' lang='lat' dir='ltr'>(donin,</span> <span class='ocrx_word' id='word_1_542' title='bbox 798 3965 825 4013; x_wconf 84' lang='grc' dir='ltr'>τ,</span> <span class='ocrx_word' id='word_1_543' title='bbox 841 3948 906 4019; x_wconf 65' lang='lat' dir='ltr'>iil:</span> 
     </span>
     <span class='ocr_line' id='line_1_68' title="bbox 105 4041 906 4120; baseline -0.009 -18"><span class='ocrx_word' id='word_1_544' title='bbox 105 4043 147 4118; x_wconf 81' lang='lat' dir='ltr'>ld)</span> <span class='ocrx_word' id='word_1_545' title='bbox 171 4056 285 4120; x_wconf 88' lang='lat' dir='ltr'>propter</span> <span class='ocrx_word' id='word_1_546' title='bbox 307 4047 478 4118; x_wconf 81' lang='lat' dir='ltr'>lianc&#39;piam</span> <span class='ocrx_word' id='word_1_547' title='bbox 502 4049 528 4102; x_wconf 96' lang='lat' dir='ltr'>in</span> <span class='ocrx_word' id='word_1_548' title='bbox 556 4046 676 4101; x_wconf 73' lang='lat' dir='ltr'>Ecclesia</span> <span class='ocrx_word' id='word_1_549' title='bbox 705 4041 906 4113; x_wconf 80' lang='lat' dir='ltr'>intelligendam</span> 
     </span>
     <span class='ocr_line' id='line_1_69' title="bbox 89 4136 908 4212; baseline -0.001 -20"><span class='ocrx_word' id='word_1_550' title='bbox 89 4141 301 4212; x_wconf 75' lang='lat' dir='ltr'>proprietatem</span> <span class='ocrx_word' id='word_1_551' title='bbox 330 4157 453 4212; x_wconf 70' lang='lat' dir='ltr'>personae</span> <span class='ocrx_word' id='word_1_552' title='bbox 479 4142 566 4197; x_wconf 87' lang='lat' dir='ltr'>Patris</span> <span class='ocrx_word' id='word_1_553' title='bbox 592 4149 619 4195; x_wconf 90' lang='lat' dir='ltr'>ot</span> <span class='ocrx_word' id='word_1_554' title='bbox 647 4139 730 4204; x_wconf 84' lang='lat' dir='ltr'>Filii,</span> <span class='ocrx_word' id='word_1_555' title='bbox 754 4136 851 4191; x_wconf 75' lang='lat' dir='ltr'>tinniens</span> <span class='ocrx_word' id='word_1_556' title='bbox 874 4150 908 4191; x_wconf 91' lang='lat' dir='ltr'>ne</span> 
     </span>
     <span class='ocr_line' id='line_1_70' title="bbox 87 4228 908 4305; baseline -0.009 -16"><span class='ocrx_word' id='word_1_557' title='bbox 87 4234 216 4300; x_wconf 73' lang='lat' dir='ltr'>qnmdo</span> <span class='ocrx_word' id='word_1_558' title='bbox 227 4235 297 4290; x_wconf 87' lang='lat' dir='ltr'>idem</span> <span class='ocrx_word' id='word_1_559' title='bbox 314 4234 480 4305; x_wconf 77' lang='lat' dir='ltr'>intelligatur</span> <span class='ocrx_word' id='word_1_560' title='bbox 495 4234 579 4290; x_wconf 84' lang='lat' dir='ltr'>Filius</span> <span class='ocrx_word' id='word_1_561' title='bbox 595 4244 619 4288; x_wconf 91' lang='lat' dir='ltr'>et</span> <span class='ocrx_word' id='word_1_562' title='bbox 635 4232 726 4299; x_wconf 89' lang='lat' dir='ltr'>Pater,</span> <span class='ocrx_word' id='word_1_563' title='bbox 742 4230 859 4286; x_wconf 88' lang='lat' dir='ltr'>similem</span> <span class='ocrx_word' id='word_1_564' title='bbox 873 4228 908 4301; x_wconf 82' lang='lat' dir='ltr'>(e)</span> 
     </span>
     <span class='ocr_line' id='line_1_71' title="bbox 72 4324 909 4403; baseline -0.007 -18"><span class='ocrx_word' id='word_1_565' title='bbox 72 4335 165 4384; x_wconf 70' lang='lat' dir='ltr'>nnn</span> <span class='ocrx_word' id='word_1_566' title='bbox 186 4330 260 4387; x_wconf 89' lang='lat' dir='ltr'>dicat</span> <span class='ocrx_word' id='word_1_567' title='bbox 280 4330 359 4387; x_wconf 86' lang='lat' dir='ltr'>ctiam</span> <span class='ocrx_word' id='word_1_568' title='bbox 384 4330 459 4403; x_wconf 83' lang='lat' dir='ltr'>jutta</span> <span class='ocrx_word' id='word_1_569' title='bbox 474 4330 621 4386; x_wconf 88' lang='lat' dir='ltr'>essentiam</span> <span class='ocrx_word' id='word_1_570' title='bbox 651 4327 744 4383; x_wconf 82' lang='lat' dir='ltr'>Patri:</span> <span class='ocrx_word' id='word_1_571' title='bbox 765 4324 909 4382; x_wconf 84' lang='lat' dir='ltr'>artathcma</span> 
     </span>
    </p>
   </div>
   <div class='ocr_carea' id='block_1_13' title="bbox 961 3283 1802 3911">
    <p class='ocr_par' dir='ltr' id='par_1_14' title="bbox 961 3283 1802 3911">
     <span class='ocr_line' id='line_1_72' title="bbox 962 3283 1767 3354; baseline 0.015 -18"><span class='ocrx_word' id='word_1_572' title='bbox 962 3292 1074 3338; x_wconf 75' lang='lat' dir='ltr'>naturai.</span> <span class='ocrx_word' id='word_1_573' title='bbox 1099 3283 1185 3354; x_wconf 80' lang='lat' dir='ltr'>dtqne</span> <span class='ocrx_word' id='word_1_574' title='bbox 1209 3284 1244 3338; x_wconf 88' lang='lat' dir='ltr'>ita</span> <span class='ocrx_word' id='word_1_575' title='bbox 1259 3287 1448 3343; x_wconf 88' lang='lat' dir='ltr'>etnativitatis</span> <span class='ocrx_word' id='word_1_576' title='bbox 1469 3289 1570 3345; x_wconf 87' lang='lat' dir='ltr'>veritas</span> <span class='ocrx_word' id='word_1_577' title='bbox 1590 3290 1623 3344; x_wconf 90' lang='lat' dir='ltr'>ad</span> <span class='ocrx_word' id='word_1_578' title='bbox 1639 3292 1767 3349; x_wconf 90' lang='lat' dir='ltr'>similitu-</span> 
     </span>
     <span class='ocr_line' id='line_1_73' title="bbox 961 3375 1802 3444; baseline 0.012 -14"><span class='ocrx_word' id='word_1_579' title='bbox 961 3375 1052 3433; x_wconf 91' lang='lat' dir='ltr'>dinem</span> <span class='ocrx_word' id='word_1_580' title='bbox 1066 3375 1172 3444; x_wconf 86' lang='lat' dir='ltr'>prolicit</span> <span class='ocrx_word' id='word_1_581' title='bbox 1186 3375 1325 3444; x_wconf 75' lang='lat' dir='ltr'>essentie,</span> <span class='ocrx_word' id='word_1_582' title='bbox 1347 3387 1375 3433; x_wconf 91' lang='lat' dir='ltr'>et</span> <span class='ocrx_word' id='word_1_583' title='bbox 1388 3379 1537 3435; x_wconf 88' lang='lat' dir='ltr'>similitudo</span> <span class='ocrx_word' id='word_1_584' title='bbox 1558 3384 1686 3438; x_wconf 87' lang='lat' dir='ltr'>essentiae</span> <span class='ocrx_word' id='word_1_585' title='bbox 1711 3398 1765 3440; x_wconf 92' lang='lat' dir='ltr'>non</span> <span class='ocrx_word' id='word_1_586' title='bbox 1798 3406 1802 3417; x_wconf 87' lang='lat'>·</span> 
     </span>
     <span class='ocr_line' id='line_1_74' title="bbox 963 3465 1766 3546; baseline 0.017 -26"><span class='ocrx_word' id='word_1_587' title='bbox 963 3465 1004 3538; x_wconf 73' lang='lat' dir='ltr'>(s)</span> <span class='ocrx_word' id='word_1_588' title='bbox 1028 3467 1128 3523; x_wconf 91' lang='lat' dir='ltr'>amittit</span> <span class='ocrx_word' id='word_1_589' title='bbox 1149 3467 1297 3524; x_wconf 88' lang='lat' dir='ltr'>nativitatis</span> <span class='ocrx_word' id='word_1_590' title='bbox 1320 3471 1489 3538; x_wconf 85' lang='lat' dir='ltr'>personalem</span> <span class='ocrx_word' id='word_1_591' title='bbox 1504 3473 1657 3529; x_wconf 89' lang='lat' dir='ltr'>veritatem.</span> <span class='ocrx_word' id='word_1_592' title='bbox 1671 3475 1766 3546; x_wconf 80' lang='lat' dir='ltr'>Neque</span> 
     </span>
     <span class='ocr_line' id='line_1_75' title="bbox 962 3559 1765 3639; baseline 0.012 -24"><span class='ocrx_word' id='word_1_593' title='bbox 962 3575 1069 3616; x_wconf 89' lang='lat' dir='ltr'>rursum</span> <span class='ocrx_word' id='word_1_594' title='bbox 1084 3559 1217 3630; x_wconf 76' lang='lat' dir='ltr'>professio</span> <span class='ocrx_word' id='word_1_595' title='bbox 1227 3560 1360 3633; x_wconf 76' lang='lat' dir='ltr'>gignentis</span> <span class='ocrx_word' id='word_1_596' title='bbox 1371 3571 1399 3618; x_wconf 92' lang='lat' dir='ltr'>et</span> <span class='ocrx_word' id='word_1_597' title='bbox 1412 3565 1495 3634; x_wconf 78' lang='lat' dir='ltr'>gerriti</span> <span class='ocrx_word' id='word_1_598' title='bbox 1517 3564 1598 3639; x_wconf 54' lang='lat'>375</span> <span class='ocrx_word' id='word_1_599' title='bbox 1608 3567 1765 3625; x_wconf 88' lang='lat' dir='ltr'>similitudi·</span> 
     </span>
     <span class='ocr_line' id='line_1_76' title="bbox 963 3655 1764 3733; baseline 0.012 -23"><span class='ocrx_word' id='word_1_600' title='bbox 963 3671 1024 3711; x_wconf 90' lang='lat' dir='ltr'>nem</span> <span class='ocrx_word' id='word_1_601' title='bbox 1039 3655 1157 3711; x_wconf 85' lang='lat' dir='ltr'>excludit</span> <span class='ocrx_word' id='word_1_602' title='bbox 1168 3657 1313 3722; x_wconf 76' lang='lat' dir='ltr'>essentite3</span> <span class='ocrx_word' id='word_1_603' title='bbox 1330 3658 1390 3726; x_wconf 77' lang='lat' dir='ltr'>arria</span> <span class='ocrx_word' id='word_1_604' title='bbox 1408 3673 1469 3713; x_wconf 92' lang='lat' dir='ltr'>cnm</span> <span class='ocrx_word' id='word_1_605' title='bbox 1489 3661 1603 3730; x_wconf 77' lang='lat' dir='ltr'>gignens</span> <span class='ocrx_word' id='word_1_606' title='bbox 1617 3671 1643 3717; x_wconf 91' lang='lat' dir='ltr'>et</span> <span class='ocrx_word' id='word_1_607' title='bbox 1656 3664 1764 3733; x_wconf 75' lang='lat' dir='ltr'>genitus</span> 
     </span>
     <span class='ocr_line' id='line_1_77' title="bbox 963 3748 1792 3817; baseline 0.007 -15"><span class='ocrx_word' id='word_1_608' title='bbox 963 3763 1031 3804; x_wconf 89' lang='lat' dir='ltr'>unns</span> <span class='ocrx_word' id='word_1_609' title='bbox 1046 3761 1106 3804; x_wconf 89' lang='lat' dir='ltr'>esse</span> <span class='ocrx_word' id='word_1_610' title='bbox 1121 3763 1174 3803; x_wconf 93' lang='lat' dir='ltr'>non</span> <span class='ocrx_word' id='word_1_611' title='bbox 1187 3748 1282 3817; x_wconf 86' lang='lat' dir='ltr'>possit,</span> <span class='ocrx_word' id='word_1_612' title='bbox 1296 3764 1350 3804; x_wconf 87' lang='lat' dir='ltr'>tion</span> <span class='ocrx_word' id='word_1_613' title='bbox 1365 3757 1454 3805; x_wconf 79' lang='lat' dir='ltr'>umen</span> <span class='ocrx_word' id='word_1_614' title='bbox 1466 3751 1582 3808; x_wconf 70' lang='lat' dir='ltr'>diversio</span> <span class='ocrx_word' id='word_1_615' title='bbox 1596 3755 1765 3813; x_wconf 79' lang='lat' dir='ltr'>riaturmsint</span> <span class='ocrx_word' id='word_1_616' title='bbox 1781 3766 1792 3808; x_wconf 84' lang='lat' dir='ltr'>t</span> 
     </span>
     <span class='ocr_line' id='line_1_78' title="bbox 962 3848 1243 3911; baseline -0.004 -16"><span class='ocrx_word' id='word_1_617' title='bbox 962 3848 1040 3896; x_wconf 86' lang='lat' dir='ltr'>natus</span> <span class='ocrx_word' id='word_1_618' title='bbox 1052 3849 1077 3896; x_wconf 90' lang='lat' dir='ltr'>cl</span> <span class='ocrx_word' id='word_1_619' title='bbox 1099 3854 1243 3911; x_wconf 80' lang='lat' dir='ltr'>generans.</span> 
     </span>
    </p>
   </div>
   <div class='ocr_carea' id='block_1_14' title="bbox 963 3942 1769 4401">
    <p class='ocr_par' dir='ltr' id='par_1_15' title="bbox 963 3942 1769 4401">
     <span class='ocr_line' id='line_1_79' title="bbox 997 3942 1764 4022; baseline 0.01 -24"><span class='ocrx_word' id='word_1_620' title='bbox 997 3942 1058 3998; x_wconf 70' lang='lat' dir='ltr'>tt«</span> <span class='ocrx_word' id='word_1_621' title='bbox 1084 3942 1164 3999; x_wconf 87' lang='lat' dir='ltr'>Etsi</span> <span class='ocrx_word' id='word_1_622' title='bbox 1191 3942 1252 4012; x_wconf 79' lang='lat' dir='ltr'>quis</span> <span class='ocrx_word' id='word_1_623' title='bbox 1276 3942 1303 3996; x_wconf 91' lang='lat' dir='ltr'>in</span> <span class='ocrx_word' id='word_1_624' title='bbox 1328 3943 1418 4014; x_wconf 80' lang='lat' dir='ltr'>uliipto</span> <span class='ocrx_word' id='word_1_625' title='bbox 1438 3954 1559 4015; x_wconf 85' lang='lat' dir='ltr'>teritpore</span> <span class='ocrx_word' id='word_1_626' title='bbox 1593 3957 1697 4018; x_wconf 91' lang='lat' dir='ltr'>patrem</span> <span class='ocrx_word' id='word_1_627' title='bbox 1723 3951 1764 4022; x_wconf 75' lang='lat' dir='ltr'>(p)</span> 
     </span>
     <span class='ocr_line' id='line_1_80' title="bbox 963 4036 1765 4115; baseline 0.007 -21"><span class='ocrx_word' id='word_1_628' title='bbox 963 4038 1047 4094; x_wconf 85' lang='lat' dir='ltr'>Deum</span> <span class='ocrx_word' id='word_1_629' title='bbox 1066 4037 1195 4108; x_wconf 78' lang='lat' dir='ltr'>unigeniti</span> <span class='ocrx_word' id='word_1_630' title='bbox 1221 4036 1269 4091; x_wconf 91' lang='lat' dir='ltr'>lllii</span> <span class='ocrx_word' id='word_1_631' title='bbox 1284 4037 1426 4109; x_wconf 76' lang='lat' dir='ltr'>intelligat,</span> <span class='ocrx_word' id='word_1_632' title='bbox 1440 4047 1467 4095; x_wconf 92' lang='lat' dir='ltr'>ct</span> <span class='ocrx_word' id='word_1_633' title='bbox 1482 4055 1535 4096; x_wconf 91' lang='lat' dir='ltr'>non</span> <span class='ocrx_word' id='word_1_634' title='bbox 1547 4056 1630 4112; x_wconf 90' lang='lat' dir='ltr'>super</span> <span class='ocrx_word' id='word_1_635' title='bbox 1643 4052 1765 4115; x_wconf 90' lang='lat' dir='ltr'>tempora</span> 
     </span>
     <span class='ocr_line' id='line_1_81' title="bbox 964 4129 1769 4209; baseline 0.01 -23"><span class='ocrx_word' id='word_1_636' title='bbox 964 4140 993 4187; x_wconf 91' lang='lat' dir='ltr'>et</span> <span class='ocrx_word' id='word_1_637' title='bbox 1008 4144 1090 4200; x_wconf 89' lang='lat' dir='ltr'>snper</span> <span class='ocrx_word' id='word_1_638' title='bbox 1106 4145 1215 4185; x_wconf 89' lang='lat' dir='ltr'>omnem</span> <span class='ocrx_word' id='word_1_639' title='bbox 1238 4129 1382 4185; x_wconf 84' lang='lat' dir='ltr'>humanam</span> <span class='ocrx_word' id='word_1_640' title='bbox 1397 4131 1604 4189; x_wconf 73' lang='lat' dir='ltr'>estimationem</span> <span class='ocrx_word' id='word_1_641' title='bbox 1622 4134 1662 4207; x_wconf 83' lang='lat' dir='ltr'>(li)</span> <span class='ocrx_word' id='word_1_642' title='bbox 1675 4137 1769 4209; x_wconf 75' lang='lat' dir='ltr'>unige-</span> 
     </span>
     <span class='ocr_line' id='line_1_82' title="bbox 963 4225 1769 4302; baseline 0.007 -20"><span class='ocrx_word' id='word_1_643' title='bbox 963 4227 1052 4283; x_wconf 89' lang='lat' dir='ltr'>nitnm</span> <span class='ocrx_word' id='word_1_644' title='bbox 1067 4227 1150 4282; x_wconf 91' lang='lat' dir='ltr'>lilium</span> <span class='ocrx_word' id='word_1_645' title='bbox 1164 4227 1224 4283; x_wconf 90' lang='lat' dir='ltr'>sino</span> <span class='ocrx_word' id='word_1_646' title='bbox 1236 4225 1360 4297; x_wconf 79' lang='lat' dir='ltr'>passione</span> <span class='ocrx_word' id='word_1_647' title='bbox 1380 4228 1522 4284; x_wconf 86' lang='lat' dir='ltr'>exstitisse</span> <span class='ocrx_word' id='word_1_648' title='bbox 1537 4245 1544 4282; x_wconf 75' lang='grc' dir='ltr'><em>τ</em></span> <span class='ocrx_word' id='word_1_649' title='bbox 1557 4228 1633 4301; x_wconf 89' lang='lat' dir='ltr'>qnasi</span> <span class='ocrx_word' id='word_1_650' title='bbox 1656 4241 1769 4302; x_wconf 72' lang='lat' dir='ltr'>prseter-</span> 
     </span>
     <span class='ocr_line' id='line_1_83' title="bbox 963 4322 1769 4401; baseline 0.01 -23"><span class='ocrx_word' id='word_1_651' title='bbox 963 4324 1089 4396; x_wconf 79' lang='lat' dir='ltr'>grediens</span> <span class='ocrx_word' id='word_1_652' title='bbox 1104 4322 1286 4395; x_wconf 76' lang='lat' dir='ltr'>evangelicam</span> <span class='ocrx_word' id='word_1_653' title='bbox 1300 4322 1529 4393; x_wconf 80' lang='lat' dir='ltr'>pradicationem,</span> <span class='ocrx_word' id='word_1_654' title='bbox 1556 4341 1617 4396; x_wconf 84' lang='lat' dir='ltr'>qnae</span> <span class='ocrx_word' id='word_1_655' title='bbox 1642 4326 1673 4401; x_wconf 77' lang='lat' dir='ltr'>(i)</span> <span class='ocrx_word' id='word_1_656' title='bbox 1700 4337 1769 4385; x_wconf 91' lang='lat' dir='ltr'>tem·</span> 
     </span>
    </p>
   </div>
   <div class='ocr_carea' id='block_1_15' title="bbox 64 4415 1769 4490">
    <p class='ocr_par' dir='ltr' id='par_1_16' title="bbox 64 4415 1769 4490">
     <span class='ocr_line' id='line_1_84' title="bbox 64 4415 1769 4490; baseline 0.004 -18"><span class='ocrx_word' id='word_1_657' title='bbox 64 4419 129 4474; x_wconf 70' lang='grc' dir='ltr'>εἰ</span> <span class='ocrx_word' id='word_1_658' title='bbox 139 4428 157 4476; x_wconf 89' lang='grc' dir='ltr'>ι.</span> <span class='ocrx_word' id='word_1_659' title='bbox 183 4443 193 4478; x_wconf 81' lang='grc' dir='ltr'>ι</span> <span class='ocrx_word' id='word_1_660' title='bbox 965 4433 1061 4490; x_wconf 91' lang='lat' dir='ltr'>porum</span> <span class='ocrx_word' id='word_1_661' title='bbox 1076 4416 1185 4489; x_wconf 88' lang='lat' dir='ltr'>quidem</span> <span class='ocrx_word' id='word_1_662' title='bbox 1210 4415 1439 4490; x_wconf 85' lang='lat' dir='ltr'>intercapedinem</span> <span class='ocrx_word' id='word_1_663' title='bbox 1454 4417 1489 4474; x_wconf 90' lang='lat' dir='ltr'>de</span> <span class='ocrx_word' id='word_1_664' title='bbox 1501 4416 1581 4476; x_wconf 85' lang='lat' dir='ltr'>Patre</span> <span class='ocrx_word' id='word_1_665' title='bbox 1594 4429 1622 4476; x_wconf 90' lang='lat' dir='ltr'>et</span> <span class='ocrx_word' id='word_1_666' title='bbox 1635 4419 1706 4478; x_wconf 85' lang='lat' dir='ltr'>Filio</span> <span class='ocrx_word' id='word_1_667' title='bbox 1720 4419 1769 4478; x_wconf 91' lang='lat' dir='ltr'>ad-</span> 
     </span>
    </p>
   </div>
   <div class='ocr_carea' id='block_1_16' title="bbox 22 4585 1770 5101">
    <p class='ocr_par' dir='ltr' id='par_1_17' title="bbox 22 4585 1770 5101">
     <span class='ocr_line' id='line_1_85' title="bbox 150 4585 1765 4672; baseline 0.002 -28"><span class='ocrx_word' id='word_1_668' title='bbox 150 4587 186 4662; x_wconf 69' lang='lat' dir='ltr'>io)</span> <span class='ocrx_word' id='word_1_669' title='bbox 198 4592 227 4649; x_wconf 84' lang='lat' dir='ltr'>ln</span> <span class='ocrx_word' id='word_1_670' title='bbox 240 4605 306 4648; x_wconf 83' lang='lat' dir='ltr'>ntss.</span> <span class='ocrx_word' id='word_1_671' title='bbox 329 4590 491 4646; x_wconf 80' lang='lat' dir='ltr'>itidisat’ntt&#39;lr&#39;s</span> <span class='ocrx_word' id='word_1_672' title='bbox 505 4607 514 4646; x_wconf 92' lang='lat'>.·</span> <span class='ocrx_word' id='word_1_673' title='bbox 531 4603 562 4645; x_wconf 84' lang='lat' dir='ltr'>ac</span> <span class='ocrx_word' id='word_1_674' title='bbox 582 4587 680 4645; x_wconf 83' lang='lat' dir='ltr'>deinde</span> <span class='ocrx_word' id='word_1_675' title='bbox 696 4588 722 4642; x_wconf 81' lang='lat' dir='ltr'>in</span> <span class='ocrx_word' id='word_1_676' title='bbox 742 4585 803 4642; x_wconf 85' lang='lat' dir='ltr'>solo</span> <span class='ocrx_word' id='word_1_677' title='bbox 822 4585 912 4643; x_wconf 77' lang='lat' dir='ltr'>latio.</span> <span class='ocrx_word' id='word_1_678' title='bbox 926 4588 952 4649; x_wconf 88' lang='lat' dir='ltr'>D</span> <span class='ocrx_word' id='word_1_679' title='bbox 966 4588 1030 4647; x_wconf 72' lang='grc' dir='ltr'>σεῧή</span> <span class='ocrx_word' id='word_1_680' title='bbox 1043 4590 1069 4644; x_wconf 78' lang='grc' dir='ltr'>ὲν</span> <span class='ocrx_word' id='word_1_681' title='bbox 1079 4595 1110 4663; x_wconf 74' lang='grc' dir='ltr'>τῇ</span> <span class='ocrx_word' id='word_1_682' title='bbox 1121 4586 1256 4665; x_wconf 74' lang='grc' dir='ltr'><strong>Ἐκκλησίᾳ</strong></span> <span class='ocrx_word' id='word_1_683' title='bbox 1264 4591 1400 4665; x_wconf 77' lang='grc' dir='ltr'>νοουμένην</span> <span class='ocrx_word' id='word_1_684' title='bbox 1414 4591 1527 4653; x_wconf 81' lang='grc' dir='ltr'>ἰδιότητα</span> <span class='ocrx_word' id='word_1_685' title='bbox 1547 4601 1597 4648; x_wconf 85' lang='grc' dir='ltr'>τῶν</span> <span class='ocrx_word' id='word_1_686' title='bbox 1608 4595 1765 4672; x_wconf 79' lang='grc' dir='ltr'>προσώπων,</span> 
     </span>
     <span class='ocr_line' id='line_1_86' title="bbox 37 4657 1766 4737; baseline 0.001 -20"><span class='ocrx_word' id='word_1_687' title='bbox 37 4668 167 4716; x_wconf 63' lang='lat' dir='ltr'>⁴*tte</span> <span class='ocrx_word' id='word_1_688' title='bbox 177 4681 226 4720; x_wconf 92' lang='lat' dir='ltr'>non</span> <span class='ocrx_word' id='word_1_689' title='bbox 240 4664 330 4733; x_wconf 84' lang='lat' dir='ltr'>possit.</span> <span class='ocrx_word' id='word_1_690' title='bbox 346 4662 404 4717; x_wconf 81' lang='lat' dir='ltr'>iam</span> <span class='ocrx_word' id='word_1_691' title='bbox 418 4678 511 4732; x_wconf 85' lang='lat' dir='ltr'>sopra,</span> <span class='ocrx_word' id='word_1_692' title='bbox 524 4677 551 4717; x_wconf 93' lang='lat' dir='ltr'>n.</span> <span class='ocrx_word' id='word_1_693' title='bbox 567 4661 613 4732; x_wconf 71' lang='lat'>90,</span> <span class='ocrx_word' id='word_1_694' title='bbox 635 4674 692 4730; x_wconf 88' lang='lat' dir='ltr'>pro,</span> <span class='ocrx_word' id='word_1_695' title='bbox 709 4657 787 4714; x_wconf 81' lang='lat' dir='ltr'>sedai</span> <span class='ocrx_word' id='word_1_696' title='bbox 799 4658 915 4731; x_wconf 73' lang='lat' dir='ltr'>patuerit</span> <span class='ocrx_word' id='word_1_697' title='bbox 967 4662 1066 4737; x_wconf 72' lang='grc' dir='ltr'>Πατρὸς</span> <span class='ocrx_word' id='word_1_698' title='bbox 1079 4662 1247 4732; x_wconf 70' lang='lat' dir='ltr'>planetilia</span> <span class='ocrx_word' id='word_1_699' title='bbox 1265 4662 1356 4730; x_wconf 80' lang='lat' dir='ltr'>:oriod</span> <span class='ocrx_word' id='word_1_700' title='bbox 1374 4674 1465 4731; x_wconf 89' lang='lat' dir='ltr'>posset</span> <span class='ocrx_word' id='word_1_701' title='bbox 1477 4665 1557 4730; x_wconf 90' lang='lat' dir='ltr'>verti,</span> <span class='ocrx_word' id='word_1_702' title='bbox 1571 4674 1675 4735; x_wconf 83' lang='lat' dir='ltr'>propter</span> <span class='ocrx_word' id='word_1_703' title='bbox 1686 4664 1766 4729; x_wconf 80' lang='lat' dir='ltr'>linire,</span> 
     </span>
     <span class='ocr_line' id='line_1_87' title="bbox 28 4728 1769 4805; baseline 0.001 -18"><span class='ocrx_word' id='word_1_704' title='bbox 28 4736 321 4802; x_wconf 55' lang='lat' dir='ltr'>politissimum.</span> <span class='ocrx_word' id='word_1_705' title='bbox 346 4737 373 4792; x_wconf 86' lang='lat' dir='ltr'>itt</span> <span class='ocrx_word' id='word_1_706' title='bbox 388 4734 514 4790; x_wconf 86' lang='lat' dir='ltr'>ommlms</span> <span class='ocrx_word' id='word_1_707' title='bbox 529 4748 613 4803; x_wconf 89' lang='lat' dir='ltr'>prope</span> <span class='ocrx_word' id='word_1_708' title='bbox 635 4728 846 4792; x_wconf 68' lang='lat' dir='ltr'>rossemanni,</span> <span class='ocrx_word' id='word_1_709' title='bbox 862 4745 914 4783; x_wconf 87' lang='lat' dir='ltr'>iton</span> <span class='ocrx_word' id='word_1_710' title='bbox 967 4745 1025 4795; x_wconf 81' lang='lat' dir='ltr'>autc</span> <span class='ocrx_word' id='word_1_711' title='bbox 1040 4732 1152 4802; x_wconf 73' lang='lat' dir='ltr'>piolont</span> <span class='ocrx_word' id='word_1_712' title='bbox 1168 4733 1219 4802; x_wconf 78' lang='lat' dir='ltr'>pic)</span> <span class='ocrx_word' id='word_1_713' title='bbox 1243 4732 1269 4785; x_wconf 89' lang='lat' dir='ltr'>in</span> <span class='ocrx_word' id='word_1_714' title='bbox 1295 4731 1414 4787; x_wconf 73' lang='lat' dir='ltr'>Ecclesia</span> <span class='ocrx_word' id='word_1_715' title='bbox 1425 4734 1586 4804; x_wconf 78' lang='lat' dir='ltr'>intellipitnr,</span> <span class='ocrx_word' id='word_1_716' title='bbox 1600 4750 1769 4805; x_wconf 83' lang='lat' dir='ltr'>personarum</span> 
     </span>
     <span class='ocr_line' id='line_1_88' title="bbox 24 4799 1768 4885; baseline 0.003 -28"><span class='ocrx_word' id='word_1_717' title='bbox 24 4803 273 4874; x_wconf 67' lang='lat' dir='ltr'>2ndisdmilis</span> <span class='ocrx_word' id='word_1_718' title='bbox 283 4824 361 4879; x_wconf 81' lang='lat' dir='ltr'>:qiam</span> <span class='ocrx_word' id='word_1_719' title='bbox 372 4807 464 4867; x_wconf 76' lang='lat' dir='ltr'>lectio.</span> <span class='ocrx_word' id='word_1_720' title='bbox 478 4806 542 4861; x_wconf 84' lang='lat' dir='ltr'>licet</span> <span class='ocrx_word' id='word_1_721' title='bbox 553 4804 664 4861; x_wconf 88' lang='lat' dir='ltr'>lorsitan</span> <span class='ocrx_word' id='word_1_722' title='bbox 675 4802 818 4867; x_wconf 88' lang='lat' dir='ltr'>sincerior,</span> <span class='ocrx_word' id='word_1_723' title='bbox 834 4810 863 4854; x_wconf 91' lang='grc' dir='ltr'>ιιι</span> <span class='ocrx_word' id='word_1_724' title='bbox 878 4799 913 4856; x_wconf 90' lang='lat' dir='ltr'>sit</span> <span class='ocrx_word' id='word_1_725' title='bbox 968 4800 1055 4856; x_wconf 84' lang='lat' dir='ltr'>Patris</span> <span class='ocrx_word' id='word_1_726' title='bbox 1078 4812 1101 4856; x_wconf 87' lang='grc' dir='ltr'>ει</span> <span class='ocrx_word' id='word_1_727' title='bbox 1117 4800 1182 4856; x_wconf 80' lang='lat' dir='ltr'>Filii</span> <span class='ocrx_word' id='word_1_728' title='bbox 1204 4804 1395 4885; x_wconf 74' lang='lat' dir='ltr'>proprietatem.</span> <span class='ocrx_word' id='word_1_729' title='bbox 1419 4805 1486 4861; x_wconf 89' lang='lat' dir='ltr'>ilinc</span> <span class='ocrx_word' id='word_1_730' title='bbox 1501 4806 1595 4876; x_wconf 81' lang='lat' dir='ltr'>liquet,</span> <span class='ocrx_word' id='word_1_731' title='bbox 1611 4805 1682 4861; x_wconf 90' lang='lat' dir='ltr'>male</span> <span class='ocrx_word' id='word_1_732' title='bbox 1695 4806 1768 4878; x_wconf 91' lang='lat' dir='ltr'>apud</span> 
     </span>
     <span class='ocr_line' id='line_1_89' title="bbox 22 4872 1444 4950; baseline 0.001 -22"><span class='ocrx_word' id='word_1_733' title='bbox 22 4876 273 4935; x_wconf 67' lang='lat' dir='ltr'>&#39;natuturam</span> <span class='ocrx_word' id='word_1_734' title='bbox 284 4881 360 4950; x_wconf 84' lang='lat' dir='ltr'>qrtasi</span> <span class='ocrx_word' id='word_1_735' title='bbox 380 4879 532 4933; x_wconf 84' lang='lat' dir='ltr'>intrirnecns</span> <span class='ocrx_word' id='word_1_736' title='bbox 545 4876 711 4942; x_wconf 64' lang='lat' dir='ltr'>dissimilius</span> <span class='ocrx_word' id='word_1_737' title='bbox 728 4873 806 4928; x_wconf 89' lang='lat' dir='ltr'>nobis</span> <span class='ocrx_word' id='word_1_738' title='bbox 821 4881 912 4928; x_wconf 84' lang='lat' dir='ltr'>tamen</span> <span class='ocrx_word' id='word_1_739' title='bbox 966 4872 1027 4929; x_wconf 87' lang='lat' dir='ltr'>Par.</span> <span class='ocrx_word' id='word_1_740' title='bbox 1044 4873 1154 4944; x_wconf 85' lang='lat' dir='ltr'>ctLips.</span> <span class='ocrx_word' id='word_1_741' title='bbox 1171 4872 1261 4927; x_wconf 85' lang='lat' dir='ltr'>ostrittt</span> <span class='ocrx_word' id='word_1_742' title='bbox 1275 4874 1303 4928; x_wconf 91' lang='lat' dir='ltr'>in</span> <span class='ocrx_word' id='word_1_743' title='bbox 1317 4873 1444 4930; x_wconf 75' lang='lat' dir='ltr'>Ecclesia.</span> 
     </span>
     <span class='ocr_line' id='line_1_90' title="bbox 23 4944 1770 5020; baseline 0.002 -17"><span class='ocrx_word' id='word_1_744' title='bbox 23 4944 54 4982; x_wconf 75' lang='grc' dir='ltr'>Ι</span> <span class='ocrx_word' id='word_1_745' title='bbox 67 4951 95 4988; x_wconf 77' lang='lat'>⁸</span> <span class='ocrx_word' id='word_1_746' title='bbox 110 4960 169 5003; x_wconf 69' lang='lat' dir='ltr'>(in</span> <span class='ocrx_word' id='word_1_747' title='bbox 182 4962 333 5017; x_wconf 87' lang='lat' dir='ltr'>revocatur,</span> <span class='ocrx_word' id='word_1_748' title='bbox 348 4966 382 5006; x_wconf 90' lang='lat' dir='ltr'>ne</span> <span class='ocrx_word' id='word_1_749' title='bbox 396 4949 502 5004; x_wconf 88' lang='lat' dir='ltr'>errandi</span> <span class='ocrx_word' id='word_1_750' title='bbox 523 4949 557 5002; x_wconf 90' lang='lat' dir='ltr'>sit</span> <span class='ocrx_word' id='word_1_751' title='bbox 571 4949 687 5005; x_wconf 90' lang='lat' dir='ltr'>occasio.</span> <span class='ocrx_word' id='word_1_752' title='bbox 1001 4944 1036 5018; x_wconf 83' lang='grc' dir='ltr'>(ε)</span> <span class='ocrx_word' id='word_1_753' title='bbox 1052 4945 1157 5012; x_wconf 78' lang='lat' dir='ltr'>Graece,</span> <span class='ocrx_word' id='word_1_754' title='bbox 1170 4946 1288 5019; x_wconf 66' lang='lat' dir='ltr'>irripiens</span> <span class='ocrx_word' id='word_1_755' title='bbox 1302 4947 1381 5020; x_wconf 76' lang='grc' dir='ltr'>λέγει,</span> <span class='ocrx_word' id='word_1_756' title='bbox 1396 4946 1467 5017; x_wconf 85' lang='lat' dir='ltr'>qnod</span> <span class='ocrx_word' id='word_1_757' title='bbox 1487 4955 1541 5013; x_wconf 89' lang='lat' dir='ltr'>est,</span> <span class='ocrx_word' id='word_1_758' title='bbox 1554 4948 1705 5005; x_wconf 85' lang='lat' dir='ltr'>dissimilem</span> <span class='ocrx_word' id='word_1_759' title='bbox 1728 4950 1770 5007; x_wconf 84' lang='lat' dir='ltr'>di·</span> 
     </span>
     <span class='ocr_line' id='line_1_91' title="bbox 158 5020 1016 5101; baseline -0.007 -24"><span class='ocrx_word' id='word_1_760' title='bbox 158 5022 190 5101; x_wconf 77' lang='lat' dir='ltr'>(i)</span> <span class='ocrx_word' id='word_1_761' title='bbox 205 5023 342 5080; x_wconf 74' lang='lat' dir='ltr'>vetustior</span> <span class='ocrx_word' id='word_1_762' title='bbox 355 5022 439 5078; x_wconf 83' lang='lat' dir='ltr'>codex</span> <span class='ocrx_word' id='word_1_763' title='bbox 456 5020 532 5076; x_wconf 83' lang='lat' dir='ltr'>Colli.</span> <span class='ocrx_word' id='word_1_764' title='bbox 554 5020 652 5093; x_wconf 80' lang='lat' dir='ltr'>ipsud:</span> <span class='ocrx_word' id='word_1_765' title='bbox 665 5032 725 5089; x_wconf 79' lang='lat' dir='ltr'>qum</span> <span class='ocrx_word' id='word_1_766' title='bbox 740 5032 791 5072; x_wconf 89' lang='lat' dir='ltr'>vox</span> <span class='ocrx_word' id='word_1_767' title='bbox 803 5030 911 5072; x_wconf 86' lang='lat' dir='ltr'>rursum</span> <span class='ocrx_word' id='word_1_768' title='bbox 964 5027 1016 5073; x_wconf 87' lang='lat' dir='ltr'>cot.</span> 
     </span>
    </p>
   </div>
   <div class='ocr_carea' id='block_1_17' title="bbox 25 5077 1642 5233">
    <p class='ocr_par' dir='ltr' id='par_1_18' title="bbox 25 5077 1642 5233">
     <span class='ocr_line' id='line_1_92' title="bbox 25 5077 1642 5233; baseline -0.003 -82"><span class='ocrx_word' id='word_1_769' title='bbox 25 5077 61 5135; x_wconf 70' lang='grc' dir='ltr'><strong>ἶ</strong></span> <span class='ocrx_word' id='word_1_770' title='bbox 75 5099 192 5162; x_wconf 61' lang='lat' dir='ltr'>ulra,</span> <span class='ocrx_word' id='word_1_771' title='bbox 213 5112 289 5152; x_wconf 91' lang='lat' dir='ltr'>num.</span> <span class='ocrx_word' id='word_1_772' title='bbox 312 5094 360 5163; x_wconf 72' lang='lat'>25,</span> <span class='ocrx_word' id='word_1_773' title='bbox 375 5103 402 5149; x_wconf 93' lang='lat' dir='ltr'>et</span> <span class='ocrx_word' id='word_1_774' title='bbox 428 5092 491 5148; x_wconf 87' lang='lat' dir='ltr'>alibi</span> <span class='ocrx_word' id='word_1_775' title='bbox 510 5090 604 5147; x_wconf 91' lang='lat' dir='ltr'>eadem</span> <span class='ocrx_word' id='word_1_776' title='bbox 619 5092 724 5147; x_wconf 85' lang='lat' dir='ltr'>ratione</span> <span class='ocrx_word' id='word_1_777' title='bbox 739 5089 765 5143; x_wconf 91' lang='lat' dir='ltr'>in</span> <span class='ocrx_word' id='word_1_778' title='bbox 779 5103 812 5143; x_wconf 91' lang='lat' dir='ltr'>eo</span> <span class='ocrx_word' id='word_1_779' title='bbox 827 5102 915 5144; x_wconf 92' lang='lat' dir='ltr'>enun·</span> <span class='ocrx_word' id='word_1_780' title='bbox 1003 5088 1043 5233; x_wconf 50' lang='lat' dir='ltr'>m</span> <span class='ocrx_word' id='word_1_781' title='bbox 1056 5087 1105 5143; x_wconf 84' lang='lat' dir='ltr'>ils.</span> <span class='ocrx_word' id='word_1_782' title='bbox 1117 5086 1200 5144; x_wconf 83' lang='lat' dir='ltr'>Corb.</span> <span class='ocrx_word' id='word_1_783' title='bbox 1215 5087 1315 5159; x_wconf 86' lang='lat' dir='ltr'>aliique</span> <span class='ocrx_word' id='word_1_784' title='bbox 1327 5090 1461 5154; x_wconf 90' lang='lat' dir='ltr'>nonnulli,</span> <span class='ocrx_word' id='word_1_785' title='bbox 1475 5107 1527 5146; x_wconf 88' lang='lat' dir='ltr'>non</span> <span class='ocrx_word' id='word_1_786' title='bbox 1541 5090 1642 5146; x_wconf 85' lang='lat' dir='ltr'>adimit.</span> 
     </span>
     <span class='ocr_line' id='line_1_93' title="bbox 1015 5178 1031 5231; baseline 0 0"><span class='ocrx_word' id='word_1_787' title='bbox 1015 5178 1031 5231; x_wconf 79' lang='grc'><strong><em>9</em></strong></span> 
     </span>
    </p>
   </div>
   <div class='ocr_carea' id='block_1_18' title="bbox 29 5158 1856 5819">
    <p class='ocr_par' dir='ltr' id='par_1_19' title="bbox 29 5158 1856 5819">
     <span class='ocr_line' id='line_1_94' title="bbox 29 5158 1772 5233; baseline 0.009 -25"><span class='ocrx_word' id='word_1_788' title='bbox 29 5160 78 5208; x_wconf 74' lang='grc' dir='ltr'>ι</span> <span class='ocrx_word' id='word_1_789' title='bbox 90 5161 119 5217; x_wconf 78' lang='grc' dir='ltr'>ῑ</span> <span class='ocrx_word' id='word_1_790' title='bbox 133 5182 206 5226; x_wconf 71' lang='lat' dir='ltr'>atat.</span> <span class='ocrx_word' id='word_1_791' title='bbox 1058 5161 1086 5215; x_wconf 90' lang='grc' dir='ltr'>Ιιι</span> <span class='ocrx_word' id='word_1_792' title='bbox 1101 5174 1188 5231; x_wconf 73' lang='lat' dir='ltr'>graeca</span> <span class='ocrx_word' id='word_1_793' title='bbox 1213 5158 1305 5230; x_wconf 86' lang='lat' dir='ltr'>phrasi</span> <span class='ocrx_word' id='word_1_794' title='bbox 1321 5162 1454 5232; x_wconf 87' lang='lat' dir='ltr'>repetitur</span> <span class='ocrx_word' id='word_1_795' title='bbox 1465 5177 1519 5217; x_wconf 85' lang='lat' dir='ltr'>vox</span> <span class='ocrx_word' id='word_1_796' title='bbox 1535 5171 1632 5233; x_wconf 84' lang='lat' dir='ltr'>patrem</span> <span class='ocrx_word' id='word_1_797' title='bbox 1647 5161 1708 5221; x_wconf 93' lang='lat' dir='ltr'>loco</span> <span class='ocrx_word' id='word_1_798' title='bbox 1722 5179 1772 5223; x_wconf 92' lang='lat' dir='ltr'>vo·</span> 
     </span>
     <span class='ocr_line' id='line_1_95' title="bbox 154 5230 1771 5315; baseline -0.002 -17"><span class='ocrx_word' id='word_1_799' title='bbox 154 5243 187 5315; x_wconf 83' lang='grc' dir='ltr'>(ε)</span> <span class='ocrx_word' id='word_1_800' title='bbox 199 5241 228 5297; x_wconf 92' lang='lat' dir='ltr'>ln</span> <span class='ocrx_word' id='word_1_801' title='bbox 245 5251 300 5295; x_wconf 92' lang='lat' dir='ltr'>nnn</span> <span class='ocrx_word' id='word_1_802' title='bbox 318 5253 369 5293; x_wconf 87' lang='lat' dir='ltr'>ms.</span> <span class='ocrx_word' id='word_1_803' title='bbox 382 5236 462 5292; x_wconf 83' lang='lat' dir='ltr'>coln.</span> <span class='ocrx_word' id='word_1_804' title='bbox 474 5248 501 5292; x_wconf 88' lang='lat' dir='ltr'>ct</span> <span class='ocrx_word' id='word_1_805' title='bbox 516 5237 603 5293; x_wconf 90' lang='lat' dir='ltr'>altero</span> <span class='ocrx_word' id='word_1_806' title='bbox 618 5234 733 5292; x_wconf 88' lang='lat' dir='ltr'>Snrbon.</span> <span class='ocrx_word' id='word_1_807' title='bbox 746 5231 861 5305; x_wconf 71' lang='lat' dir='ltr'>perhibet</span> <span class='ocrx_word' id='word_1_808' title='bbox 881 5232 914 5288; x_wconf 86' lang='lat' dir='ltr'>tle</span> <span class='ocrx_word' id='word_1_809' title='bbox 967 5233 1056 5289; x_wconf 83' lang='lat' dir='ltr'>ealinli</span> <span class='ocrx_word' id='word_1_810' title='bbox 1076 5230 1172 5287; x_wconf 83' lang='lat' dir='ltr'>Deam.</span> <span class='ocrx_word' id='word_1_811' title='bbox 1196 5231 1327 5301; x_wconf 77' lang='lat' dir='ltr'>Argiiitnr</span> <span class='ocrx_word' id='word_1_812' title='bbox 1341 5232 1385 5287; x_wconf 86' lang='lat' dir='ltr'>liic</span> <span class='ocrx_word' id='word_1_813' title='bbox 1396 5233 1520 5290; x_wconf 88' lang='lat' dir='ltr'>doctriua</span> <span class='ocrx_word' id='word_1_814' title='bbox 1540 5235 1609 5299; x_wconf 84' lang='lat' dir='ltr'>Arii,</span> <span class='ocrx_word' id='word_1_815' title='bbox 1623 5236 1668 5305; x_wconf 86' lang='lat' dir='ltr'>qtri</span> <span class='ocrx_word' id='word_1_816' title='bbox 1684 5236 1771 5295; x_wconf 84' lang='lat' dir='ltr'>Deum</span> 
     </span>
     <span class='ocr_line' id='line_1_96' title="bbox 45 5304 1774 5388; baseline -0.001 -19"><span class='ocrx_word' id='word_1_817' title='bbox 45 5310 166 5382; x_wconf 61' lang='lat' dir='ltr'>&#39;ne</span> <span class='ocrx_word' id='word_1_818' title='bbox 177 5325 276 5385; x_wconf 74' lang='lat' dir='ltr'>greco,</span> <span class='ocrx_word' id='word_1_819' title='bbox 289 5309 303 5366; x_wconf 82' lang='lat' dir='ltr'>i</span> <span class='ocrx_word' id='word_1_820' title='bbox 313 5308 691 5388; x_wconf 63' lang='lat' dir='ltr'>popsopovnsplipodmtiam</span> <span class='ocrx_word' id='word_1_821' title='bbox 704 5304 911 5360; x_wconf 84' lang='lat' dir='ltr'>consentiente:</span> <span class='ocrx_word' id='word_1_822' title='bbox 929 5323 932 5329; x_wconf 93' lang='lat'>·</span> <span class='ocrx_word' id='word_1_823' title='bbox 967 5320 1000 5361; x_wconf 86' lang='lat' dir='ltr'>ex</span> <span class='ocrx_word' id='word_1_824' title='bbox 1016 5317 1047 5359; x_wconf 90' lang='lat' dir='ltr'>se</span> <span class='ocrx_word' id='word_1_825' title='bbox 1061 5314 1206 5371; x_wconf 86' lang='lat' dir='ltr'>aeternum,</span> <span class='ocrx_word' id='word_1_826' title='bbox 1221 5312 1324 5359; x_wconf 88' lang='lat' dir='ltr'>tanturn</span> <span class='ocrx_word' id='word_1_827' title='bbox 1351 5304 1379 5360; x_wconf 92' lang='lat' dir='ltr'>in</span> <span class='ocrx_word' id='word_1_828' title='bbox 1408 5314 1530 5376; x_wconf 86' lang='lat' dir='ltr'>tempore</span> <span class='ocrx_word' id='word_1_829' title='bbox 1556 5315 1661 5376; x_wconf 88' lang='lat' dir='ltr'>patrem</span> <span class='ocrx_word' id='word_1_830' title='bbox 1687 5306 1774 5367; x_wconf 86' lang='lat' dir='ltr'>luisse</span> 
     </span>
     <span class='ocr_line' id='line_1_97' title="bbox 56 5366 1856 5458; baseline -0.006 -17"><span class='ocrx_word' id='word_1_831' title='bbox 56 5366 91 5425; x_wconf 63' lang='grc' dir='ltr'><strong>ἶ</strong></span> <span class='ocrx_word' id='word_1_832' title='bbox 104 5394 208 5458; x_wconf 66' lang='lat' dir='ltr'>tantm</span> <span class='ocrx_word' id='word_1_833' title='bbox 221 5381 320 5439; x_wconf 89' lang='lat' dir='ltr'>deinde</span> <span class='ocrx_word' id='word_1_834' title='bbox 334 5396 383 5444; x_wconf 88' lang='lat' dir='ltr'>oro</span> <span class='ocrx_word' id='word_1_835' title='bbox 406 5382 504 5446; x_wconf 87' lang='lat' dir='ltr'>verbis,</span> <span class='ocrx_word' id='word_1_836' title='bbox 523 5381 568 5451; x_wconf 76' lang='lat' dir='ltr'>prii</span> <span class='ocrx_word' id='word_1_837' title='bbox 593 5379 661 5433; x_wconf 82' lang='lat' dir='ltr'>arisit</span> <span class='ocrx_word' id='word_1_838' title='bbox 684 5393 724 5431; x_wconf 86' lang='grc' dir='ltr'>ιιιε</span> <span class='ocrx_word' id='word_1_839' title='bbox 746 5374 837 5442; x_wconf 84' lang='lat' dir='ltr'>Potcr,</span> <span class='ocrx_word' id='word_1_840' title='bbox 849 5375 915 5430; x_wconf 85' lang='lat' dir='ltr'>snb·</span> <span class='ocrx_word' id='word_1_841' title='bbox 966 5374 1117 5432; x_wconf 85' lang='lat' dir='ltr'>asserebat.</span> <span class='ocrx_word' id='word_1_842' title='bbox 1850 5442 1856 5452; x_wconf 31' lang='grc' dir='ltr'>ι</span> 
     </span>
     <span class='ocr_line' id='line_1_98' title="bbox 67 5439 1776 5531; baseline 0.004 -28"><span class='ocrx_word' id='word_1_843' title='bbox 67 5439 215 5523; x_wconf 51' lang='lat' dir='ltr'>sinitur,</span> <span class='ocrx_word' id='word_1_844' title='bbox 241 5458 295 5521; x_wconf 69' lang='lat' dir='ltr'>ml,</span> <span class='ocrx_word' id='word_1_845' title='bbox 318 5460 451 5531; x_wconf 73' lang='grc' dir='ltr'>Μαρτυρεῖ</span> <span class='ocrx_word' id='word_1_846' title='bbox 463 5455 523 5528; x_wconf 57' lang='grc' dir='ltr'>γὰρ,</span> <span class='ocrx_word' id='word_1_847' title='bbox 538 5456 610 5527; x_wconf 75' lang='grc' dir='ltr'>φησι,</span> <span class='ocrx_word' id='word_1_848' title='bbox 624 5450 637 5506; x_wconf 89' lang='grc' dir='ltr'><strong>ὁ</strong></span> <span class='ocrx_word' id='word_1_849' title='bbox 652 5452 685 5507; x_wconf 86' lang='lat' dir='ltr'>rrt&#39;</span> <span class='ocrx_word' id='word_1_850' title='bbox 705 5449 758 5522; x_wconf 74' lang='grc' dir='ltr'>ψας</span> <span class='ocrx_word' id='word_1_851' title='bbox 771 5470 801 5520; x_wconf 76' lang='grc' dir='ltr'>με</span> <span class='ocrx_word' id='word_1_852' title='bbox 815 5452 912 5524; x_wconf 78' lang='grc' dir='ltr'>Πατήρ,</span> <span class='ocrx_word' id='word_1_853' title='bbox 1004 5445 1043 5517; x_wconf 73' lang='lat' dir='ltr'>(lii</span> <span class='ocrx_word' id='word_1_854' title='bbox 1057 5446 1162 5508; x_wconf 75' lang='lat' dir='ltr'>Graece.</span> <span class='ocrx_word' id='word_1_855' title='bbox 1177 5449 1296 5504; x_wconf 78' lang='grc' dir='ltr'>πιστεύει</span> <span class='ocrx_word' id='word_1_856' title='bbox 1317 5450 1362 5507; x_wconf 82' lang='grc' dir='ltr'>τὸν</span> <span class='ocrx_word' id='word_1_857' title='bbox 1376 5458 1496 5525; x_wconf 72' lang='grc' dir='ltr'>μονογενῆ</span> <span class='ocrx_word' id='word_1_858' title='bbox 1510 5450 1564 5506; x_wconf 76' lang='grc' dir='ltr'>υἱόν</span> <span class='ocrx_word' id='word_1_859' title='bbox 1577 5452 1605 5507; x_wconf 82' lang='lat' dir='ltr'>ia</span> <span class='ocrx_word' id='word_1_860' title='bbox 1618 5455 1776 5531; x_wconf 76' lang='grc' dir='ltr'>τοῦπατρὸς</span> 
     </span>
     <span class='ocr_line' id='line_1_99' title="bbox 140 5518 1775 5596; baseline -0.001 -13"><span class='ocrx_word' id='word_1_861' title='bbox 140 5546 176 5586; x_wconf 78' lang='lat' dir='ltr'>nn</span> <span class='ocrx_word' id='word_1_862' title='bbox 194 5527 394 5586; x_wconf 66' lang='lat' dir='ltr'>annuntiantia</span> <span class='ocrx_word' id='word_1_863' title='bbox 413 5535 455 5581; x_wconf 85' lang='lat' dir='ltr'>est</span> <span class='ocrx_word' id='word_1_864' title='bbox 467 5541 498 5580; x_wconf 81' lang='grc' dir='ltr'>ει</span> <span class='ocrx_word' id='word_1_865' title='bbox 523 5523 600 5580; x_wconf 77' lang='lat' dir='ltr'>ioasi.</span> <span class='ocrx_word' id='word_1_866' title='bbox 614 5538 642 5588; x_wconf 86' lang='lat' dir='ltr'>v,</span> <span class='ocrx_word' id='word_1_867' title='bbox 657 5524 674 5578; x_wconf 84' lang='lat'>5</span> <span class='ocrx_word' id='word_1_868' title='bbox 694 5519 752 5588; x_wconf 90' lang='lat' dir='ltr'>,ad</span> <span class='ocrx_word' id='word_1_869' title='bbox 766 5518 913 5575; x_wconf 78' lang='lat' dir='ltr'>constitua·</span> <span class='ocrx_word' id='word_1_870' title='bbox 970 5523 1075 5582; x_wconf 79' lang='grc' dir='ltr'><em>ἀπαθῶς</em></span> <span class='ocrx_word' id='word_1_871' title='bbox 1085 5520 1236 5596; x_wconf 76' lang='grc' dir='ltr'>ὑφεστάναι,</span> <span class='ocrx_word' id='word_1_872' title='bbox 1260 5522 1348 5578; x_wconf 80' lang='lat' dir='ltr'>credat</span> <span class='ocrx_word' id='word_1_873' title='bbox 1368 5522 1527 5595; x_wconf 75' lang='lat' dir='ltr'>unipmitum</span> <span class='ocrx_word' id='word_1_874' title='bbox 1550 5522 1633 5592; x_wconf 72' lang='lat' dir='ltr'>filiam</span> <span class='ocrx_word' id='word_1_875' title='bbox 1647 5540 1679 5579; x_wconf 79' lang='lat' dir='ltr'>ea</span> <span class='ocrx_word' id='word_1_876' title='bbox 1693 5522 1775 5582; x_wconf 80' lang='lat' dir='ltr'>Putre</span> 
     </span>
     <span class='ocr_line' id='line_1_100' title="bbox 87 5590 1314 5672; baseline -0.009 -14"><span class='ocrx_word' id='word_1_877' title='bbox 87 5596 215 5660; x_wconf 67' lang='lat' dir='ltr'>ltonem</span> <span class='ocrx_word' id='word_1_878' title='bbox 231 5598 354 5672; x_wconf 85' lang='lat' dir='ltr'>ejusdem</span> <span class='ocrx_word' id='word_1_879' title='bbox 369 5597 433 5654; x_wconf 90' lang='lat' dir='ltr'>dicti</span> <span class='ocrx_word' id='word_1_880' title='bbox 447 5597 538 5652; x_wconf 80' lang='lat' dir='ltr'>allam.</span> <span class='ocrx_word' id='word_1_881' title='bbox 971 5593 1025 5647; x_wconf 89' lang='lat' dir='ltr'>sine</span> <span class='ocrx_word' id='word_1_882' title='bbox 1038 5594 1155 5660; x_wconf 82' lang='lat' dir='ltr'>passione</span> <span class='ocrx_word' id='word_1_883' title='bbox 1163 5590 1314 5647; x_wconf 83' lang='lat' dir='ltr'>substitisse.</span> 
     </span>
     <span class='ocr_line' id='line_1_101' title="bbox 155 5660 1776 5749; baseline -0.004 -20"><span class='ocrx_word' id='word_1_884' title='bbox 155 5675 194 5749; x_wconf 85' lang='lat' dir='ltr'>(d)</span> <span class='ocrx_word' id='word_1_885' title='bbox 206 5671 236 5729; x_wconf 87' lang='lat' dir='ltr'>ln</span> <span class='ocrx_word' id='word_1_886' title='bbox 253 5669 381 5728; x_wconf 88' lang='lat' dir='ltr'>versione</span> <span class='ocrx_word' id='word_1_887' title='bbox 396 5669 478 5723; x_wconf 89' lang='lat' dir='ltr'>latina</span> <span class='ocrx_word' id='word_1_888' title='bbox 497 5664 638 5738; x_wconf 78' lang='lat' dir='ltr'>Epiplmnii</span> <span class='ocrx_word' id='word_1_889' title='bbox 653 5707 660 5725; x_wconf 83' lang='lat'>.</span> <span class='ocrx_word' id='word_1_890' title='bbox 677 5662 789 5734; x_wconf 80' lang='lat' dir='ltr'>majoris</span> <span class='ocrx_word' id='word_1_891' title='bbox 810 5661 919 5718; x_wconf 86' lang='lat' dir='ltr'>clarite·</span> <span class='ocrx_word' id='word_1_892' title='bbox 1010 5660 1042 5736; x_wconf 78' lang='grc' dir='ltr'>(ι’)</span> <span class='ocrx_word' id='word_1_893' title='bbox 1063 5663 1126 5720; x_wconf 86' lang='lat' dir='ltr'>ltss.</span> <span class='ocrx_word' id='word_1_894' title='bbox 1142 5677 1250 5718; x_wconf 87' lang='lat' dir='ltr'>summo</span> <span class='ocrx_word' id='word_1_895' title='bbox 1270 5675 1415 5732; x_wconf 90' lang='lat' dir='ltr'>consensu,</span> <span class='ocrx_word' id='word_1_896' title='bbox 1430 5668 1686 5740; x_wconf 80' lang='lat' dir='ltr'>teniporamqnidem</span> <span class='ocrx_word' id='word_1_897' title='bbox 1697 5668 1776 5723; x_wconf 85' lang='lat' dir='ltr'>inter·</span> 
     </span>
     <span class='ocr_line' id='line_1_102' title="bbox 103 5733 1776 5819; baseline 0.001 -22"><span class='ocrx_word' id='word_1_898' title='bbox 103 5744 153 5819; x_wconf 69' lang='lat' dir='ltr'>tis</span> <span class='ocrx_word' id='word_1_899' title='bbox 166 5743 389 5818; x_wconf 73' lang='lat' dir='ltr'>ergomonmale</span> <span class='ocrx_word' id='word_1_900' title='bbox 399 5739 443 5795; x_wconf 85' lang='lat' dir='ltr'>hic</span> <span class='ocrx_word' id='word_1_901' title='bbox 453 5738 610 5810; x_wconf 84' lang='lat' dir='ltr'>adjicitursi</span> <span class='ocrx_word' id='word_1_902' title='bbox 620 5737 678 5806; x_wconf 77' lang='lat' dir='ltr'>quis</span> <span class='ocrx_word' id='word_1_903' title='bbox 687 5737 803 5806; x_wconf 80' lang='lat' dir='ltr'>inquom,</span> <span class='ocrx_word' id='word_1_904' title='bbox 812 5733 919 5792; x_wconf 86' lang='lat' dir='ltr'>etiamsi</span> <span class='ocrx_word' id='word_1_905' title='bbox 974 5736 1145 5807; x_wconf 82' lang='lat' dir='ltr'>pretationem</span> <span class='ocrx_word' id='word_1_906' title='bbox 1159 5751 1169 5788; x_wconf 94' lang='grc'>.·</span> <span class='ocrx_word' id='word_1_907' title='bbox 1182 5734 1253 5804; x_wconf 84' lang='lat' dir='ltr'>qvvod</span> <span class='ocrx_word' id='word_1_908' title='bbox 1266 5748 1353 5807; x_wconf 71' lang='lat' dir='ltr'>grrrce</span> <span class='ocrx_word' id='word_1_909' title='bbox 1367 5752 1422 5793; x_wconf 89' lang='lat' dir='ltr'>uno</span> <span class='ocrx_word' id='word_1_910' title='bbox 1435 5740 1520 5795; x_wconf 87' lang='lat' dir='ltr'>verbo</span> <span class='ocrx_word' id='word_1_911' title='bbox 1535 5740 1692 5797; x_wconf 89' lang='lat' dir='ltr'>enuntiatur</span> <span class='ocrx_word' id='word_1_912' title='bbox 1713 5744 1776 5798; x_wconf 71' lang='lat' dir='ltr'>rii·</span> 
     </span>
    </p>
   </div>
   <div class='ocr_carea' id='block_1_19' title="bbox 111 5805 1728 5897">
    <p class='ocr_par' dir='ltr' id='par_1_20' title="bbox 111 5805 1728 5897">
     <span class='ocr_line' id='line_1_103' title="bbox 111 5805 1728 5897; baseline -0.006 -20"><span class='ocrx_word' id='word_1_913' title='bbox 111 5822 204 5889; x_wconf 58' lang='lat' dir='ltr'>nicee</span> <span class='ocrx_word' id='word_1_914' title='bbox 228 5829 283 5872; x_wconf 93' lang='lat' dir='ltr'>non</span> <span class='ocrx_word' id='word_1_915' title='bbox 303 5810 448 5882; x_wconf 81' lang='lat' dir='ltr'>labentur,</span> <span class='ocrx_word' id='word_1_916' title='bbox 470 5810 517 5869; x_wconf 82' lang='lat' dir='ltr'>scd</span> <span class='ocrx_word' id='word_1_917' title='bbox 532 5819 649 5881; x_wconf 84' lang='lat' dir='ltr'>tuntum,</span> <span class='ocrx_word' id='word_1_918' title='bbox 661 5805 705 5865; x_wconf 80' lang='lat' dir='ltr'>lut</span> <span class='ocrx_word' id='word_1_919' title='bbox 718 5808 871 5866; x_wconf 71' lang='grc' dir='ltr'>ιιιύεινιιιι</span> <span class='ocrx_word' id='word_1_920' title='bbox 883 5807 922 5861; x_wconf 77' lang='grc' dir='ltr'>ιι·</span> <span class='ocrx_word' id='word_1_921' title='bbox 977 5810 1022 5885; x_wconf 78' lang='grc' dir='ltr'>μὲν</span> <span class='ocrx_word' id='word_1_922' title='bbox 1049 5807 1170 5885; x_wconf 66' lang='grc' dir='ltr'>χρόνους.</span> <span class='ocrx_word' id='word_1_923' title='bbox 1188 5805 1290 5866; x_wconf 79' lang='lat' dir='ltr'>netum</span> <span class='ocrx_word' id='word_1_924' title='bbox 1304 5821 1365 5897; x_wconf 81' lang='lat' dir='ltr'>otim</span> <span class='ocrx_word' id='word_1_925' title='bbox 1379 5816 1469 5867; x_wconf 87' lang='lat' dir='ltr'>vertat</span> <span class='ocrx_word' id='word_1_926' title='bbox 1481 5808 1599 5868; x_wconf 87' lang='lat' dir='ltr'>llilarins</span> <span class='ocrx_word' id='word_1_927' title='bbox 1622 5812 1728 5883; x_wconf 78' lang='lat' dir='ltr'>adspira</span> 
     </span>
    </p>
   </div>
   <div class='ocr_carea' id='block_1_20' title="bbox 0 0 1946 6136">
    <p class='ocr_par' dir='ltr' id='par_1_21' title="bbox 0 0 1946 6136">
     <span class='ocr_line' id='line_1_104' title="bbox 0 0 1946 6136; baseline 0 2"><span class='ocrx_word' id='word_1_928' title='bbox 0 0 1946 6136; x_wconf 95' lang='lat' dir='ltr'> </span> 
     </span>
    </p>
   </div>
  </div>
 </body>
</html>
