3884 6136
778 234 900 295 sattctt
919 234 1047 293 lttlnllll
1068 234 1219 292 belsebul
1769 233 1828 290 sut

165 371 193 420 et
207 361 315 418 virtutis
327 358 365 434 (a)
383 369 409 416 et
421 360 513 432 gloria
525 356 771 413 incommutabilem
782 354 865 428 479
880 354 970 425 insagi-
984 369 1011 431 Α
1024 370 1096 422 nem,
1110 356 1180 411 sieut
1190 365 1253 410 sttnt
1266 355 1386 421 luctuum,
1401 366 1429 410 et
1439 370 1491 410 vum
1507 354 1577 410 sieut
1588 352 1689 409 divinae
1699 351 1827 423 Scriptu-

165 442 369 530 nemptonum
382 456 483 511 editum
503 454 586 509 totius
598 461 740 517 creaturae,
753 451 797 522 qui
813 450 850 523 (ι)
861 464 968 520 semper
1020 466 1058 506 rae
1077 449 1246 505 tradiderunt
1266 449 1370 520 singula
1387 446 1606 521 qumquem
1619 463 1680 519 quau
1697 448 1829 518 superius

168 553 219 611 luit
243 552 269 608 in
290 548 422 621 principio
440 547 512 618 apud
533 547 617 601 licum
643 544 761 601 Verbum
784 544 873 609 licus,
892 543 968 612 jvrrta
1020 541 1092 598 dieta
1115 553 1194 608 suut;
1212 551 1240 596 et
1258 541 1356 612 siquis
1377 541 1450 598 aliud
1473 542 1566 607 docet,
1586 553 1633 596 aut
1653 542 1829 612 evangelizat

168 645 241 719 quod
257 645 412 700 dictumest
425 641 450 696 in
469 640 632 710 Eratrgelio‚
648 637 681 692 Et
696 636 768 693 berto
782 644 839 691 crat
858 635 970 689 l'erlurn
1022 643 1122 705 praeter
1144 649 1223 704 quam
1247 634 1318 704 quod
1339 635 1492 704 accepimus
1513 632 1679 689 :anathema
1701 633 1747 689 sit.
1769 633 1830 690 Nos

169 739 260 813 (ioan.
274 753 292 806 t,
309 736 348 807 l),
370 749 512 806 perquem
533 733 623 788 omnia
640 731 710 786 lacta
727 738 800 795 sunt,
817 738 845 784 et
867 728 895 783 in
917 742 970 798 quo
1022 726 1095 783 enim
1106 726 1240 791 ovatuibus,
1256 742 1315 798 qun
1331 727 1430 782 divinis
1444 725 1593 796 Scripturis
1607 727 1705 781 tradita
1725 735 1791 782 sunt
1813 742 1830 783 a

168 831 259 888 omnia
273 835 419 884 constant:
435 826 480 896 qui
497 826 523 879 iu
543 821 700 879 novissimis
720 821 816 876 diebus
831 817 972 875 descendit
1024 817 1164 888 prophetis
1178 827 1206 873 et
1217 820 1401 890 abapustalis,
1414 835 1477 877 vere
1489 829 1517 876 et
1532 834 1593 876 curu
1607 820 1706 876 timore
1721 829 1750 876 et
1762 836 1830 878 ere·

167 925 310 982 desursum
324 962 332 987 ,
347 928 464 977 etnatus
479 927 522 974 cst
532 933 564 974 ex
575 915 680 987 virgine
693 913 840 969 secuudum
851 911 972 977 Scripta·
1023 911 1114 967 dimus
1129 921 1157 966 et
1171 912 1319 983 sequimur.
1341 932 1350 965 s

170 1033 225 1086 ras,
242 1028 269 1073 et
292 1017 328 1088 lc)
344 1029 429 1086 agnus
445 1012 531 1068 lactus
546 1021 599 1078 est,
622 1008 755 1065 mediator
771 1006 819 1062 Dei
841 1015 868 1060 et
886 1003 974 1058 ltovni·
1062 1002 1106 1058 51.
1122 1000 1202 1056 Fides
1215 1005 1269 1057 lucc
1280 1013 1408 1074 quatenus
1419 1004 1770 1076 suspectu.·-llittuslorte
1781 1021 1832 1061 ex·

169 1127 244 1175 vtum,
257 1109 464 1180 praedestinatus
485 1104 546 1160 lidei
565 1112 682 1169 nostrae,
698 1109 726 1157 ct
741 1100 793 1155 dus
814 1100 884 1154 vitae.
904 1098 974 1152 Dixit
1026 1110 1119 1167 presse
1137 1096 1242 1152 videtur
1257 1097 1291 1154 de
1310 1097 1474 1155 indilierenti
1492 1099 1671 1157 similitudine
1690 1101 1780 1157 Patris
1803 1110 1834 1157 et

171 1206 269 1277 quippe
287 1222 293 1258 :
311 1200 372 1256 Novi
384 1201 451 1254 eninr
464 1199 584 1254 descendi
607 1196 638 1250 ale
659 1195 739 1261 roelo,
760 1202 788 1248 ut
804 1198 914 1263 sacer-eur
933 1206 974 1244 oo·
1025 1187 1088 1244 Filii
1103 1189 1168 1245 lidus
1182 1189 1239 1245 liaeo
1255 1191 1343 1246 locutu
1357 1206 1427 1259 esse,
1441 1194 1559 1249 arrasiute
1576 1210 1637 1249 curn
1651 1194 1686 1250 de
1699 1194 1782 1251 Patre
1804 1204 1835 1251 ct

169 1303 293 1356 luntatens
316 1313 409 1363 vitrum,
434 1294 479 1349 sed
507 1293 664 1347 uoluututem
682 1280 746 1362 'ejus
774 1287 818 1357 qui
843 1303 883 1341 rue
906 1285 975 1338 rrtisit
1026 1279 1095 1336 Filio
1110 1279 1250 1350 etSpiritu
1264 1293 1358 1340 sanotu
1372 1284 1409 1339 tta
1422 1286 1539 1341 senserit
1550 1284 1727 1358 siguilica'tarn
1743 1290 1770 1343 its
1784 1304 1834 1345 no·

170 1391 259 1467 (loen.
275 1406 313 1457 νι,
332 1388 390 1458 58).
408 1387 458 1456 Qut
477 1399 572 1456 passus
590 1395 632 1439 est
654 1390 682 1439 et
702 1381 852 1438 resurrexit
873 1379 912 1449 (d)
926 1394 975 1451 pro
1027 1373 1145 1429 minibus
1156 1374 1287 1444 propriant
1298 1376 1697 1448 urnusctq'ttsquesromiuatorruu
1709 1378 1835 1434 subnas-

173 1486 250 1541 uohis
267 1483 345 1538 tertia
361 1481 416 1546 tlie,
433 1488 461 1534 et
473 1476 615 1533 adsccndit
637 1477 663 1531 in
686 1475 788 1541 coelos,
805 1484 832 1528 et
851 1473 929 1529 sedet
948 1473 975 1527 iu
1028 1467 1091 1521 siant
1103 1478 1126 1522 et
1140 1468 1256 1522 ordinent
1268 1479 1291 1522 et
1305 1470 1425 1541 qloriarn,
1439 1480 1466 1524 νι
1478 1471 1640 1542 sintquidsns
1653 1488 1699 1544 per
1711 1472 1837 1528 substau-

171 1577 285 1633 dextera
298 1573 398 1638 Patris,
413 1581 440 1626 et
454 1572 550 1625 iterum
565 1578 695 1623 venturus
706 1577 748 1622 est
760 1580 822 1621 ertru
835 1565 920 1637 gloria
933 1564 976 1634 ju·
1028 1559 1091 1613 tiam
1104 1558 1164 1625 tria,
1179 1575 1225 1631 per
1239 1562 1436 1616 consonantium
1450 1579 1509 1617 uero
1522 1580 1612 1619 urruns.

172 1668 263 1724 dicare
285 1665 362 1720 vivos
386 1673 413 1718 et
434 1668 567 1716 morttros.
584 1660 619 1715 Et
639 1659 665 1714 iu
688 1658 817 1729 Spiritum
839 1664 975 1722 sanetum,
1065 1652 1110 1706 ιιι.
1126 1651 1274 1706 decusatur
1293 1670 1325 1709 cs
1339 1670 1418 1728 scopo
1432 1656 1544 1712 concilii.
1557 1656 1673 1714 Heresis
1690 1674 1756 1714 uota
1774 1668 1836 1733 post

171 1760 216 1832 qui
230 1759 257 1814 in
269 1756 419 1829 paraclesin
431 1762 460 1810 et
471 1752 713 1810 sanctificationem
728 1756 757 1805 ct
766 1748 977 1805 consummatio·
992 1768 1016 1830 B
1030 1743 1058 1798 N
1060 1745 1165 1799 irretiant
1176 1746 1315 1817 sporadum.
1328 1745 1464 1804 Trinitatis
1473 1751 1624 1807 substantie
1639 1762 1690 1809 tres
1701 1754 1745 1825 qui
1759 1755 1836 1825 apud

174 1869 235 1909 nem
251 1850 425 1907 credentibus
442 1848 522 1903 datrts
539 1855 591 1914 est,
606 1844 685 1916 juxta
705 1841 777 1915 quod
799 1851 826 1898 et
846 1841 976 1896 bominus
1031 1836 1175 1892 llrs'eutales
1185 1848 1252 1893 recte
1264 1839 1439 1894 discuren-
1451 1841 1486 1898 Et
1498 1845 1614 1913 primum
1624 1845 1768 1901 sciendum
1779 1859 1835 1914 est,

173 1945 252 2001 lesus
264 1943 389 1999 Christus
403 1940 539 1997 ordinavit
558 1936 592 2012 (e)
614 1935 764 2006 discipulos
778 1934 872 1990 dicens
888 1951 895 1987 :
909 1930 976 1987 Per·
1029 1945 1083 1984 nou
1105 1929 1249 1986 adversum
1270 1930 1407 2000 haeresim,
1428 1950 1488 2004 quaa
1511 1934 1652 1991 dissimilis
1671 1936 1837 1993 substantiae

174 2039 235 2110 pite,
251 2048 276 2092 et
291 2039 379 2092 docete
398 2037 531 2090 ursiversns
542 2041 643 2106 pentes,
661 2030 817 2103 baptizantes
832 2045 875 2082 eos
891 2029 919 2081 iu
933 2042 978 2080 uo·
1031 2022 1139 2079 Patrem
1161 2037 1187 2079 et
1203 2023 1302 2080 Filium
1325 2023 1356 2099 (ι’)
1375 2041 1438 2082 ausa
1459 2034 1502 2083 est
1522 2027 1680 2116 praedicare,
1695 2028 1722 2083 tu
1736 2029 1838 2085 hirtio·

177 2134 244 2188 mine
264 2130 352 2187 Patris
364 2140 389 2186 et
401 2128 466 2184 Filii
480 2137 503 2183 et
529 2126 644 2200 Spiritus
659 2129 742 2179 surrrtl
757 2121 866 2196 (llattlt.
880 2136 977 2183 ιινιιι,
1029 2116 1089 2174 chia
1105 2117 1188 2175 luisse
1202 2127 1386 2189 conventum
1406 2121 1455 2178 sed
1474 2122 1606 2180 adversus
1625 2139 1697 2192 easta,
1718 2123 1756 2198 ljp
1772 2140 1838 2196 quse

178 2223 222 2297 tt)
237 2244 243 2281 :
260 2224 295 2298 (s)
310 2223 452 2278 manileste
468 2221 561 2290 utique
575 2218 663 2274 Patris
674 2231 739 2273 vere
752 2215 847 2286 patris,
862 2224 980 2269 certum·
1030 2221 1092 2282 post
1110 2221 1232 2269 sanctam
1248 2214 1383 2287 synodum
1405 2215 1543 2272 utranam
1566 2218 1594 2273 iu
1614 2218 1640 2273 ivl
1657 2228 1838 2290 proruperat,

176 2332 229 2388 que
244 2316 305 2372 Filii
323 2329 389 2370 vere
410 2313 469 2380 llil,
489 2323 516 2369 et
536 2309 655 2382 Spiritus
678 2310 765 2365 sancti
786 2322 850 2364 vere
868 2307 979 2378 spiritus
1031 2311 1060 2359 ιι
1073 2302 1122 2359 tria
1135 2304 1243 2362 nomina
1257 2307 1328 2362 l‘atri
1340 2307 1761 2382 velletsdscribere,dequusuo
1774 2312 1840 2368 loco

176 2407 282 2474 sancti,
310 2405 407 2477 bisque
434 2402 589 2459 nominihus
621 2417 675 2458 non
705 2400 865 2471 simpliciter
892 2413 981 2469 neque
1031 2399 1218 2457 tractabimus.
1230 2401 1339 2459 llemiui
1368 2405 1439 2461 enisu
1458 2421 1502 2462 me
1523 2407 1550 2461 in
1565 2407 1677 2463 exordio
1696 2409 1839 2464 sermonis

176 2500 265 2558 otiose
279 2499 438 2571 propositis,
459 2497 507 2554 sed
526 2496 742 2568 significantibus
757 2494 903 2565 diligenter
916 2508 980 2564 pro·
1032 2494 1190 2564 patientiam
1216 2506 1243 2550 et
1265 2498 1494 2568 aequanimitatem
1516 2499 1663 2571 legentium
1683 2510 1769 2570 atque
1787 2515 1840 2557 au·

177 2593 265 2666 priam
285 2590 500 2662 uniuscujusque
523 2590 724 2645 nominatorum
749 2587 929 2644 substantiam
955 2596 982 2643 et
1032 2585 1165 2643 dieutium
1187 2602 1272 2660 usque
1295 2589 1328 2645 ad
1344 2589 1542 2647 absolutionem
1562 2591 1840 2648 omniumdictorum

178 2687 300 2744 ordinem
316 2696 343 2742 et
361 2685 487 2756 gloriam,
506 2683 546 2756 lq)
560 2691 589 2738 ut
603 2683 657 2737 siut
671 2681 780 2752 quidem
795 2697 844 2752 per
856 2681 983 2736 substan·
1032 2695 1155 2736 meorum
1169 2683 1344 2751 poposcisse3
1360 2698 1394 2740 ne
1410 2684 1572 2740 temerarius
1584 2689 1725 2755 quisquam
1743 2685 1774 2740 in
1793 2701 1840 2743 me

167 2781 246 2849 ,tiam
261 2779 325 2844 tria,
341 2794 391 2849 per
405 2776 611 2834 consonantiam
626 2790 691 2832 vero
703 2791 797 2831 unum.
1030 2773 1113 2846 judex
1127 2783 1191 2833 ante
1202 2776 1386 2847 coguitionem
1401 2776 1513 2849 perlecti
1527 2778 1663 2835 sermonis
1674 2777 1837 2835 exsisteret.

217 2872 290 2928 iba
315 2870 392 2927 Haste
406 2885 471 2941 ergo
493 2869 625 2926 hahentes
647 2867 740 2937 lidem,
760 2875 788 2924 et
806 2868 841 2924 ab
862 2868 938 2925 initio
956 2874 985 2923 et
1035 2867 1135 2925 Volens
1151 2870 1233 2941 igitur
1246 2883 1409 2945 congregata
1425 2883 1581 2929 sauctorum
1599 2872 1721 2946 synodus
1739 2872 1842 2944 impie-

178 2966 302 3036 usquein
318 2964 400 3020 llvrem
413 2964 531 3020 habituri
545 2965 572 3019 iu
584 2973 731 3034 conspectu
753 2963 801 3020 bei
820 2972 848 3020 et
867 2962 980 3031 Christi,
1035 2968 1117 3017 tatem
1131 2977 1191 3018 eam
1202 2964 1347 3035 perimere,
1359 2981 1420 3038 quae
1434 2966 1578 3022 veritatem
1592 2965 1683 3023 Patris
1694 2975 1722 3022 ct
1730 2964 1795 3021 lilii
1810 2976 1841 3023 et

179 3072 287 3114 omnem
304 3057 459 3113 haereticam
479 3068 507 3113 et
521 3072 632 3126 pravam
647 3065 749 3113 sectam
769 3057 984 3114 anathematisa-
1035 3051 1153 3124 Spiritus
1168 3056 1254 3111 sancti
1271 3057 1412 3113 nominum
1435 3072 1552 3113 rinvrrero
1575 3056 1714 3114 eluderet:
1733 3066 1767 3113 ut
1783 3074 1842 3115 trun

181 3167 241 3208 ntus
258 3170 265 3206 ι
281 3161 307 3208 ιι
331 3152 353 3208 si
374 3151 437 3223 quis
457 3159 556 3222 practer
578 3150 713 3207 salubrem
733 3150 933 3221 Scripturarmn
957 3159 1021 3223 etc
1037 3147 1202 3205 subsistente
1229 3162 1310 3204 carisa
1337 3150 1550 3220 uniuscujusque
1573 3151 1708 3217 nomivvis,
1737 3150 1841 3224 triplex

164 241 217 298 305

180 3254 283 3303 rectam
300 3244 381 3300 [idern
396 3244 487 3309 docet,
499 3243 593 3300 dicens
608 3253 654 3299 ιιι
669 3252 787 3314 tempus,
799 3249 846 3297 aut
855 3243 984 3312 spatium,

181 3344 228 3393 aut
241 3336 383 3403 seculum,
399 3346 446 3391 aut
456 3350 518 3391 esse
528 3346 574 3390 ιιι
587 3334 673 3392 luisse
688 3334 775 3407 prius,
790 3349 870 3403 quam
886 3333 927 3407 (lt)
939 3349 987 3406 ge·

181 3439 293 3487 nerates
306 3429 391 3485 Filius
408 3429 573 3485 :anatliema
588 3430 632 3483 sit.
650 3427 684 3483 Et
699 3427 722 3483 si
734 3425 795 3496 quis
810 3425 908 3482 Filium
920 3441 986 3482 con-

182 3521 315 3580 ditionem
329 3520 412 3587 dicit,
427 3519 655 3593 quemadmodum
677 3533 761 3575 ustum
782 3518 984 3586 conditionum3

184 3624 231 3674 aut
250 3616 429 3682 nativitatem,
453 3614 524 3671 sieut
543 3621 607 3670 sunt
626 3613 800 3679 nativitates3
824 3621 870 3667 aut
889 3613 984 3668 lactio-

184 3785 232 3842 lih.
248 3783 275 3840 iu
288 3782 430 3839 Constant.
449 3798 476 3836 u.
492 3780 539 3835 25.
556 3778 652 3835 Verius
666 3777 804 3847 potiores,
820 3774 985 3858 Corn-,dnn

182 3855 275 3924 Goth,
286 3855 392 3918 Germ..
408 3853 488 3909 Sorb.
502 3894 507 3914 ,
521 3852 598 3921 juxta
616 3863 751 3917 gracum,
767 3846 985 3902 inconvertibilem

184 3936 210 3983 et
235 3925 430 3982 immortalitem.
453 3924 587 3992 lntegram
611 3921 683 3976 illam
711 3921 873 3975 senteutiam
896 3928 925 3974 ιιι
952 3918 986 3973 ab

183 3998 284 4055 Acacio
299 4006 327 4054 et
340 3995 457 4052 Eusebio
472 3995 498 4048 in
513 3993 647 4048 Eucaeniis
659 3992 789 4060 prolatam
805 3988 986 4061 prodantur·

184 4070 289 4137 nasius,
302 4069 350 4124 lih.
366 4068 400 4122 de
410 4066 513 4138 Synod.
528 4080 588 4136 pag.
599 4064 661 4120 ult.
671 4063 785 4119 Aeacius
798 4074 900 4127 autem,
914 4061 986 4131 apud

185 4139 383 4210 Epiphaniam,
396 4137 559 4196 haeresen.
575 4152 602 4190 ιι.
617 4135 645 4202 d,
655 4134 715 4191 haee
729 4144 756 4190 et
771 4133 899 4206 pleraque
909 4148 986 4204 supe·

185 4211 259 4266 riora
272 4212 354 4266 verba
369 4207 477 4264 Asteria
491 4207 622 4263 attribuit.

223 4280 260 4351 (a)
283 4280 389 4346 Graece,
415 4279 558 4352 δυνάμεως,
585 4279 628 4334 καί
649 4278 755 4351 βοῦλις,
777 4280 820 4332 καὶ
844 4275 917 4344 defiet
939 4283 986 4334 τοῦ

187 4362 362 4498 Παιτῑῖῐιιιιιι
374 4437 475 4490 semper
484 4419 555 4486 apud
566 4417 697 4475 Athenas.
711 4428 737 4472 et
748 4418 854 4474 Socrat.
865 4418 907 4475 Oh
918 4418 987 4474 hane

185 4493 536 4623 relustrante
551 4489 922 4631 llllttll‘rtllttlt
939 4491 987 4615 ἐξ·

214 4583 256 4623 ΓΗ]
324 4605 331 4619 ·
494 4606 500 4616 ·
536 4603 542 4616 ·
577 4603 584 4623 v
675 4596 711 4627 ‘s
855 4596 881 4628 ‘s
918 4607 924 4617 ·
976 4602 984 4627 s

1038 3239 1202 3310 nuncupatio
1224 3242 1358 3297 obtineret
1380 3242 1432 3298 suh
1455 3242 1575 3298 salsitate
1595 3243 1735 3300 nominum
1760 3246 1843 3302 uuio·

1038 3346 1111 3399 stem,
1128 3341 1156 3388 ct
1171 3332 1249 3388 Pater
1264 3333 1339 3390 solus
1354 3341 1435 3405 atque
1447 3349 1518 3389 uuus
1533 3334 1605 3390 idem
1620 3346 1702 3407 atque
1715 3335 1778 3407 ipse
1792 3337 1845 3393 ha·
1884 3374 1887 3379 -

1038 3423 1116 3480 heret
1130 3436 1156 3482 et
1175 3427 1292 3496 Spiritus
1310 3429 1395 3483 saneti
1417 3441 1514 3485 nomen
1528 3437 1556 3484 ot
1570 3427 1630 3484 Filii
1647 3428 1770 3487 :idcirco
1786 3442 1844 3490 tres

1038 3519 1204 3577 substantias
1227 3535 1289 3575 esse
1312 3519 1451 3587 dixerunt,
1473 3520 1679 3578 subsistentium
1706 3530 1864 3594 personast

1039 3628 1088 3683 per
1097 3614 1254 3669 substautias
1267 3615 1306 3688 ll)
1320 3615 1476 3685 edocentes,
1490 3630 1544 3670 nou
1558 3615 1738 3672 substantiam
1753 3592 1861 3675 Patris*

1077 3776 1117 3848 (tl
1138 3777 1210 3848 Lips.
1226 3787 1254 3833 et
1271 3778 1333 3834 Par.
1350 3791 1525 3850 praemietur.
1547 3781 1591 3836 Er.
1606 3795 1667 3836 eunt
1690 3782 1845 3839 vetustiore

1039 3863 1091 3905 ms.
1106 3848 1184 3905 Colli.
1199 3860 1226 3905 ct
1239 3850 1334 3906 Germ.
1348 3861 1494 3923 perscrutor.
1512 3851 1578 3907 Bavl.
1589 3867 1648 3907 cusu
1664 3853 1784 3925 cacteris,
1800 3872 1846 3928 qr-

1037 3930 1149 3976 tterutus.
1164 3919 1269 3989 Grtece,
1286 3925 1337 4000 πρὸ
1351 3931 1397 3980 τοῦ
1410 3924 1516 3980 rivulis
1528 3933 1575 3980 τοῦ
1586 3931 1661 3982 esai.

1073 4014 1106 4082 (i)
1137 4013 1164 4069 lu
1190 4015 1266 4084 prius
1295 4015 1411 4086 vulgatis
1433 4016 1559 4087 adjicitur
1592 4016 1637 4074 ltie
1656 4027 1680 4073 et
1705 4018 1837 4092 Spiritum

1037 4094 1154 4141 sunctum
1170 4102 1179 4140 t
1193 4086 1296 4157 absque
1310 4089 1480 4143 auctoritate.

1076 4180 1111 4254 li)
1133 4181 1189 4236 llac
1208 4183 1304 4238 saltem
1329 4181 1511 4239 obtendebant
1534 4183 1697 4251 Eusebisni,
1723 4187 1770 4256 qui
1791 4187 1843 4243 sibi

1039 4250 1236 4376 adstersantes,
1263 4253 1425 4310 Salvellianae
1450 4255 1561 4311 ltmresis
1586 4257 1696 4314 nonriue
1717 4258 1846 4315 solebant

1039 4338 1065 4376 ιιι
1079 4338 1181 4380 ιιιιιι.

1076 4415 1114 4485 lla)
1126 4414 1201 4484 erod
1215 4417 1287 4472 onim
1302 4418 1384 4473 vertit
1397 4427 1489 4475 noster
1501 4419 1572 4476 iuter
1592 4435 1636 4477 res
1649 4431 1703 4478 tres
1716 4421 1852 4478 mistam·

1039 4486 1098 4552 tias,
1114 4487 1152 4541 illi
1166 4498 1236 4561 τρεῖς
1246 4491 1406 4553 ὑποστάσεις
1417 4489 1553 4547 dixerunt.
1573 4436 1678 4557 errent,
1695 4494 1733 4548 uti
1750 4505 1846 4551 mouet

1041 4558 1206 4625 Epiphanius
1225 4561 1290 4615 haer.
1305 4578 1400 4627 ιιιιιι,
1417 4579 1444 4616 n.
1459 4563 1504 4629 l'l,
1523 4579 1555 4618 ue
1574 4581 1651 4632 quent
1670 4564 1688 4618 lt
1709 4575 1846 4631 portereau

185 4636 322 4711 signidcat
332 4650 392 4692 eam
405 4633 548 4691 formulam
562 4633 613 4688 sihi
626 4631 715 4686 minus
725 4632 807 4687 luisse
820 4641 943 4701 suspecta
949 4649 985 4687 vu.
1000 4634 1027 4694 Ι)
1039 4629 1179 4700 appellatio
1194 4633 1331 4702 perturbet,
1348 4634 1380 4688 oh
1391 4634 1419 4687 id
1433 4635 1500 4689 eninr
1513 4636 1690 4706 hypostasesa
1718 4635 1844 4693 Orienta-

223 4711 262 4784 (ι)
275 4709 316 4765 Ex
326 4721 414 4779 graeca
432 4705 521 4773 phrasi
536 4703 680 4775 legendum
696 4702 770 4757 lanto
791 4705 875 4771 tructus
888 4712 945 4770 rst;
961 4713 989 4760 ιι

188 4797 253 4838 mox
268 4780 401 4852 apostolus
415 4777 489 4847 fidei,
504 4792 556 4831 nou
570 4774 767 4865 predestinatus
780 4774 850 4845 fidei.

226 4852 266 4926 (tl)
285 4850 362 4922 Apud
386 4849 539 4908 Socratem.
554 4869 596 4903 ros
616 4846 729 4903 παθόντα
751 4847 818 4922 ὑπὲρ
840 4848 927 4918 ἡμῶν,
948 4849 991 4901 καὶ

187 4926 333 4982 ἀναστάντα
347 4923 414 5000 ὑπὲρ
425 4924 506 4994 ἡμῶν.
522 4919 579 4974 lloe
592 4920 740 4974 secvrudum
753 4919 820 4993 ὑπὲρ
831 4920 902 4993 ἡμῶν
915 4917 992 4973 abest

188 4995 260 5066 apud
275 4995 407 5049 Athenas.

236 5065 264 5139 e)
278 5065 322 5121 Sie
340 5062 405 5118 llud.
419 5076 480 5118 erim
494 5075 561 5117 mss.
576 5059 643 5114 Alias
658 5074 724 5116 vero
737 5059 814 5126 edit,
828 5059 975 5130 discipulis.

237 5139 260 5209 ll
274 5133 358 5196 satiri.
372 5133 513 5205 llarriffesta
527 5133 613 5200 utique
635 5130 723 5186 Putris
747 5131 803 5203 (hic
824 5132 899 5186 addit
920 5130 987 5187 sao.

189 5206 321 5280 persona),
334 5222 391 5261 sere
404 5205 495 5275 patris,
514 5214 632 5271 certaque
650 5199 716 5256 Filii
728 5218 786 5258 rere
800 5203 860 5273 filii,
880 5215 990 5273 uotaque

191 5281 309 5350 Spiritus
333 5277 416 5332 sancti
438 5292 448 5332 .·
470 5275 636 5345 castigantur
655 5289 688 5329 es
710 5289 800 5346 graeco
823 5285 850 5330 et
873 5274 989 5346 potiori·

288 5364 325 5405 ss.

192 5350 384 5494 bu(89)mGtaeee,
393 5422 428 5482 ὡς
440 5414 504 5475 εἶναι
513 5425 545 5493 τῇ
551 5419 597 5490 μὲν
609 5417 756 5474 ὑποστάσει
763 5422 834 5497 τρία,
843 5426 875 5495 τῇ
885 5416 912 5473 δὲ
922 5439 989 5490 συμ-

190 5499 271 5568 φωνία
291 5491 339 5555 iv,
360 5508 421 5562 quae
437 5491 517 5545 verba
539 5504 564 5542 v.
581 5503 606 5544 c.
629 5489 753 5553 lluerius.
769 5491 814 5550 ltb.
838 5505 857 5546 u
877 5490 985 5560 origen.

192 5579 222 5634 q.
236 5554 265 5632 ι,
283 5580 311 5619 u.
325 5564 355 5632 5,
370 5563 530 5633 deprompta
549 5558 632 5617 luisse
650 5563 785 5633 conjectat
808 5579 841 5620 es
862 5562 989 5631 Origene,

192 5635 239 5692 lib.
255 5650 299 5690 vsu
314 5643 408 5690 eontra
424 5632 544 5698 Celsum,
561 5645 711 5701 asserente,
719 5633 825 5693 Patrem
840 5643 869 5690 et
882 5632 990 5700 Filium,

193 5702 254 5765 isra
274 5705 319 5761 δύο
336 5714 368 5782 τῇ
382 5707 524 5771 ὑποστάσει
543 5705 702 5783 πράγματα,
717 5703 743 5761 ἓν
756 5707 783 5765 tl
797 5718 829 5784 τῇ
839 5706 939 5784 ,ὁμινάᾳ
951 5708 993 5763 stul

190 5786 224 5855 epi
237 5779 371 5852 euppnviqr
380 5780 422 5835 ναι
435 5784 467 5850 τῇ
478 5776 617 5838 ταυτότητι
626 5782 672 5836 τοῦ
686 5779 858 5853 βσιλιμιιιις.

1041 4702 1108 4757 libus
1123 4713 1294 4771 rtsrtrpantur,
1305 4716 1333 4759 stt
1343 4720 1507 4774 personarunt
1518 4708 1688 4778 proprietates
1702 4708 1847 4764 subsisten-

1042 4783 1078 4828 tes
1100 4775 1297 4845 cssistcntcsque
1319 4776 1459 4834 declarent.
1484 4776 1517 4832 Et
1540 4787 1601 4849 post
1622 4794 1706 4847 pauca
1725 4797 1732 4834 :
1751 4778 1849 4836 llerito

1042 4844 1201 4899 subsistentis
1226 4848 1419 4916 resistentisque
1439 4847 1527 4904 Putris
1547 4861 1571 4904 et
1592 4847 1659 4905 Filii
1683 4860 1706 4906 et
1728 4850 1849 4924 Spiritus

1042 4917 1124 4970 suncti
1135 4919 1314 4985 proprietates,
1328 4919 1521 4975 subsistentium
1534 4937 1703 4989 personarunt
1717 4922 1847 4993 lapposte·

1043 5003 1083 5042 ses
1102 4988 1233 5058 appellunt
1254 4988 1417 5057 Orientales‚·
1434 5008 1485 5046 nort
1502 5004 1530 5047 ut
1546 5003 1597 5047 tres
1615 4993 1675 5048 illas
1694 4992 1850 5065 hypostases

1044 5059 1094 5113 triu
1106 5058 1234 5130 principia
1250 5070 1332 5115 tresue
1348 5061 1409 5116 deos
1428 5079 1483 5118 esse
1504 5063 1615 5120 dicant:
1631 5081 1690 5119 naut
1713 5081 1758 5119 eos
1779 5082 1849 5123 uua·

1041 5130 1151 5183 tlrenrate
1169 5129 1304 5196 damnant,
1325 5133 1368 5202 qrvi
1388 5142 1439 5189 tres
1461 5132 1522 5188 deos
1543 5135 1640 5190 slicsnt.
1660 5134 1755 5207 Neque
1782 5154 1851 5196 sero

1041 5208 1105 5256 tuuc
1129 5205 1259 5272 temporis
1281 5204 1394 5259 haeresis
1415 5206 1571 5275 suspicione
1593 5207 1773 5275 laborabant,
1797 5210 1848 5282 qui

1041 5273 1091 5326 tria
1110 5272 1137 5326 iu
1153 5273 1250 5329 divinis
1267 5274 1459 5343 predicabant.
1484 5278 1539 5334 lluc
1554 5278 1641 5346 ipsum
1663 5279 1735 5334 cuim
1750 5282 1851 5337 catho-

1043 5343 1094 5398 lice
1123 5344 1204 5398 etiam
1227 5354 1320 5415 postea
1346 5346 1502 5415 predicavit
1534 5349 1683 5421 Gregorius
1704 5349 1772 5409 Nos.
1797 5352 1847 5410 Οι.

1043 5429 1121 5479 sssx,
1139 5431 1166 5469 u.
1180 5416 1207 5478 5.
1228 5427 1256 5472 et
1270 5417 1350 5485 alibi;
1366 5420 1581 5487 predicaverunt
1602 5431 1628 5475 ot
1640 5414 1847 5493 Occidentales,

1044 5496 1116 5556 puta,
1131 5486 1305 5556 Consentius,
1317 5490 1398 5558 epist.
1412 5492 1483 5560 apud
1496 5493 1673 5565 llngustiuum
1686 5508 1803 5562 cst1,n.
1819 5499 1850 5564 l,

1043 5558 1166 5613 scribens
1181 5577 1187 5613 :
1202 5559 1262 5616 llrre
1276 5564 1356 5617 uirtus
1374 5573 1427 5628 est,
1443 5580 1520 5628 quant
1532 5565 1601 5618 tritta
1614 5566 1729 5636 possidet
1749 5569 1850 5638 rirtss,·

1043 5646 1095 5684 unu
1109 5633 1253 5689 substantio
1275 5642 1320 5700 est,
1341 5635 1368 5689 in
1387 5651 1439 5705 quo
1458 5636 1509 5689 triu
1529 5646 1592 5690 stttst
1611 5652 1669 5707 qaue
1690 5637 1849 5697 subsistent.

1042 5700 1212 5773 Augustinus
1227 5706 1296 5774 ipse,
1309 5706 1389 5777 epist.
1406 5720 1486 5769 cass,
1500 5705 1534 5763 ad
1544 5706 1701 5775 blesinsem,
1717 5726 1745 5766 n.
1757 5708 1797 5766 5:
1814 5710 1851 5769 tu

1045 5773 1099 5829 ltus
1114 5776 1211 5844 sesnin,
1227 5776 1325 5850 iuquit,
1344 5794 1390 5836 ure
1411 5780 1519 5850 eorvtuse
1537 5776 1617 5836 unum
1638 5791 1709 5850 sunt,
1726 5796 1774 5839 nse
1794 5778 1850 5839 tiis·
