3884 6136
168 247 221 307 tius
647 242 835 303 Auuuulllu
853 244 887 303 tu
906 245 971 304 [AB.
992 244 1095 305 CONT.
1115 248 1330 310 auxentium.
1762 261 1815 317 otu

167 361 291 420 litationi
317 359 466 417 infidelium
492 358 692 433 satisfacturus,
715 375 843 418 arcanum
863 360 969 417 rirttttis
981 367 1008 433 Α
1020 364 1142 439 perlecto
1153 366 1208 425 llso
1219 377 1296 440 putre
1307 371 1461 444 unigenitus
1475 381 1502 431 et
1516 374 1651 445 perlectus
1663 375 1733 433 iilius
1747 379 1818 435 uetus

168 453 313 524 irrisibilis
324 463 472 529 operatur:
488 451 554 509 lacti
566 452 710 524 rationem,
727 454 848 527 quisquis
863 452 900 527 (u)
916 453 970 511 eris
1020 466 1100 513 nutus
1115 461 1159 527 sit,
1175 460 1236 532 quia
1251 474 1360 520 sensum
1373 472 1401 520 et
1411 478 1564 525 sermonem
1577 469 1704 525 lrununrc
1715 479 1819 533 naturae

166 549 324 609 toelestium
340 563 432 605 rerum
447 557 593 616 scrutator,
612 562 728 619 esnone.
744 546 830 605 Erant
844 547 970 618 discipuli
1020 548 1106 606 uirtus
1120 554 1302 621 generationis
1316 557 1440 614 excedat,

165 641 276 711 inclusi,
300 650 329 699 et
350 653 456 700 secreto
470 654 531 715 post
545 645 697 715 passionem
711 642 818 701 bomini
832 642 970 713 coniuncti
1056 643 1102 700 32.
1118 643 1161 703 Ex
1186 663 1258 703 nunt.
1281 648 1327 707 ul.
1345 651 1380 707 Et
1394 652 1484 709 omnia
1497 653 1603 724 attidem
1617 655 1729 728 insuper
1744 674 1821 715 nuno.

163 734 360 793 consederant.
375 736 507 793 botninus
523 737 635 793 Tlmmas
649 739 729 794 iidem
745 736 891 809 propositis
905 751 971 795 mn·
1021 734 1049 791 di
1074 750 1158 809 opera
1182 739 1277 796 adesse
1290 740 1369 797 uobis
1393 743 1419 798 in
1439 745 1622 803 testimonium
1638 758 1760 819 nossent,
1785 767 1820 809 tte

158 828 316 886 ditionibus
329 828 536 886 confirmaturus
550 831 664 900 assistit,
690 831 819 903 palpandi
833 831 969 903 eorporis,
1021 829 1159 901 ambigere
1181 829 1214 885 de
1229 830 1277 888 liei
1293 833 1373 888 rebus
1383 844 1463 906 atque
1477 837 1620 895 visionibus
1634 838 1676 897 las
1690 842 1818 901 eredere-

156 929 189 979 οι
204 922 397 978 contrectandi
411 923 531 979 uultterls
544 923 641 979 obtulit
650 923 823 979 facultatem:
838 932 866 979 ct
879 923 970 995 utique
1021 935 1092 976 utus.
1110 920 1162 978 Setl
1178 923 1203 977 in
1227 923 1313 992 ipsam
1329 927 1467 983 veritatem
1485 929 1629 985 infidelitas
1642 942 1732 988 nttsua
1755 949 1819 1004 pro·

151 1015 207 1087 qul
224 1024 407 1086 compunctus
421 1016 657 1089 recognoscendus
678 1019 723 1082 sit,
748 1031 860 1074 uecosse
877 1025 919 1073 est
942 1027 971 1074 nt
1021 1021 1117 1075 currit,
1132 1022 1159 1068 et
1173 1014 1284 1071 uiolenti
1298 1017 1324 1072 ln
1343 1018 1476 1073 excidium
1496 1020 1543 1076 bei
1559 1024 1698 1093 potestatis
1720 1024 1819 1081 irrum-

149 1125 268 1183 corpus
283 1111 310 1166 itt
326 1125 380 1183 nuo
395 1121 436 1169 cst
450 1123 626 1183 compunctus
638 1112 768 1168 attulerit.
784 1112 882 1181 Qttatro
906 1127 970 1182 ergo
1021 1103 1119 1177 ι1’111111·
1145 1105 1173 1163 Si
1197 1106 1302 1177 liceret,
1325 1118 1352 1164 11
1377 1125 1490 1181 1111110111
1513 1120 1540 1167 11
1563 1129 1659 1171 uultui
1672 1115 1706 1171 111
1719 1117 1819 1172 1103111111

144 1217 211 1275 pel·
234 1218 304 1275 quus
316 1203 416 1258 clattsae
431 1203 527 1259 domus
543 1212 633 1275 partes
644 1220 705 1261 sese
728 1219 876 1274 corporeus
899 1204 971 1261 intu-
1021 1196 1185 1269 levaremus,
1200 1198 1286 1255 solunt
1301 1211 1428 1273 astraque
1442 1213 1539 1259 cetera
1561 1205 1643 1262 utintli
1656 1222 1751 1264 citisus
1765 1209 1821 1263 iuis

146 1295 245 1353 lenit.
256 1296 407 1368 Diligenter
420 1296 492 1353 enim
506 1294 677 1368 Euangelista
693 1296 835 1370 expressit,
852 1297 969 1354 dicens:
1019 1291 1153 1352 limitibus
1184 1294 1415 1367 proturbaremus,
1443 1298 1667 1373 permisceremus
1692 1299 1821 1357 decessus

146 1390 247 1447 Venit
269 1389 349 1447 letus
357 1391 446 1464 januis
469 1392 574 1458 clausis,
587 1400 610 1446 ct
625 1392 692 1447 stetit
705 1392 733 1445 in
751 1392 834 1447 medio
856 1391 970 1464 discipu·
1022 1384 1121 1443 Oceani
1137 1396 1165 1445 et
1186 1402 1321 1454 accessus,
1337 1388 1436 1445 lluenta
1461 1391 1542 1446 etiam
1559 1393 1670 1448 lontiutn
1686 1393 1822 1451 initiltere-

139 1485 252 1543 lerunt
264 1482 302 1561 (i)
313 1502 417 1541 morum
431 1483 526 1558 (ibid,
540 1484 599 1559 uti).
616 1487 657 1542 An
668 1493 822 1541 constructe
838 1484 969 1555 parietum
1021 1494 1093 1547 mus,
1107 1488 1135 1537 et
1149 1488 1257 1537 staturas
1269 1480 1412 1539 llumlnum
1426 1481 1602 1550 referremus,
1612 1493 1821 1543 curtctttcremus

140 1589 329 1655 penetrans,
349 1579 464 1636 solidam
480 1579 613 1649 lignorum
629 1588 752 1634 naturam
775 1576 970 1651 impenetrabi·
1021 1569 1195 1631 fundamenta
1212 1583 1301 1641 terre,
1317 1585 1344 1631 et
1364 1585 1422 1631 toto
1434 1576 1462 1631 in
1487 1575 1547 1633 ltaec
1568 1592 1649 1649 onera
1670 1578 1717 1636 liei
1738 1581 1821 1650 narri-

140 1674 216 1731 lem
237 1670 418 1729 transcurrit?
438 1670 519 1727 Stetit
534 1685 650 1740 namque
672 1686 829 1741 corporeus,
857 1684 911 1726 non
934 1669 971 1725 si·
1021 1664 1092 1721 cidio
1116 1666 1319 1723 desaeviremus.
1346 1665 1400 1723 Sed
1424 1667 1495 1724 berte
1517 1676 1569 1735 est,
1593 1670 1664 1742 quod
1688 1675 1820 1729 nosmtra

138 1771 286 1829 mulatus
301 1778 348 1827 eut
364 1768 459 1826 fallar.
475 1767 629 1841 Sequuntur
641 1782 707 1839 ergo
720 1766 792 1822 oculi
804 1766 903 1823 mentis
917 1775 969 1821 tttae
984 1759 1008 1823 B
1022 1757 1091 1814 itanc
1110 1757 1251 1816 modestiae
1266 1763 1455 1817 necessitatem
1471 1772 1565 1819 natura
1584 1779 1726 1835 corporum
1751 1765 1821 1821 detti·

137 1864 339 1939 penetmntis
357 1862 521 1935 ingressum,
535 1870 563 1919 ct
584 1875 645 1918 cum
665 1875 698 1916 eo
718 1862 836 1919 clausam
858 1858 969 1915 domum
1021 1860 1078 1910 rtet.
1094 1851 1175 1909 Certe
1197 1869 1252 1909 non
1274 1852 1403 1925 fallimus,
1427 1855 1502 1926 qttid,
1523 1856 1547 1913 si
1570 1857 1673 1926 liceret,
1698 1873 1820 1915 essemus

141 1958 357 2031 intelligentia
372 1967 424 2015 tuse
442 1958 516 2015 uisus
531 1957 658 2014 introeat.
672 1956 780 2027 Integra
801 1963 865 2010 sunt
879 1954 969 2010 ontttia
1021 1949 1105 2005 acturi
1120 1966 1127 2002 :
1141 1962 1259 2019 namque
1280 1948 1341 2019 quia
1356 1947 1392 2023 (e)
1417 1963 1571 2017 possumus,
1597 1948 1708 2020 prolana
1725 1948 1820 2005 tolun-
1930 2010 1934 2015 ,

136 2062 182 2110 et
209 2052 364 2109 obserata:
388 2051 435 2107 scd
452 2050 629 2109 eceeassistit
651 2048 767 2118 medius,
789 2047 832 2103 cui
855 2062 903 2118 ner
915 2047 970 2102 rir-
1021 2041 1083 2096 tatis
1097 2040 1207 2095 andacia
1221 2050 1343 2097 naturam
1365 2042 1689 2113 ueritattsounuoltirnus,
1713 2051 1741 2101 et
1762 2044 1819 2099 ltel-

141 2153 254 2203 ttttem
276 2158 355 2203 surm
378 2143 502 2201 universa
525 2151 588 2199 sunt
602 2141 705 2214 pertin.
728 2138 908 2196 lutisibilibus
922 2153 969 2193 cu·
1020 2132 1076 2189 lum
1092 2131 1173 2189 dictis
1185 2133 1233 2190 bei
1247 2147 1447 2205 comparamus.

138 2235 335 2295 lumniarlss
356 2250 407 2308 ego
431 2250 447 2293 a
471 2244 497 2293 te
521 2235 666 2291 visibilium
689 2215 809 2306 exposco
825 2233 967 2290 rationem.
1054 2225 1100 2281 55.
1115 2223 1157 2279 Es
1171 2224 1216 2281 lit.
1237 2240 1255 2281 n
1278 2226 1310 2281 tte
1330 2223 1405 2283 run.
1424 2243 1452 2283 n.
1467 2227 1494 2284 9.
1511 2226 1605 2283 Cesset
1619 2227 1700 2284 dolor
1722 2242 1820 2300 quere·

135 2329 236 2389 Nilril
249 2328 325 2387 cedit
338 2344 372 2389 ex
388 2328 487 2398 solido,
512 2344 600 2402 neque
622 2344 670 2400 ner
689 2335 811 2383 staturam
827 2308 902 2382 suam
918 2324 969 2381 ali·
1021 2317 1117 2374 larum.
1133 2317 1200 2375 Nam
1217 2328 1254 2389 te,
1273 2321 1395 2392 quisquis
1415 2335 1445 2377 cs
1459 2320 1504 2392 qtti
1526 2320 1586 2378 brec
1610 2323 1742 2393 requires,
1765 2337 1819 2379 non

139 2427 226 2498 quid
254 2434 392 2497 tamqnam
415 2425 490 2496 lapsu
514 2422 665 2479 insensibili
680 2419 905 2493 lignaetlanides
922 2419 970 2473 atl-
1021 2426 1118 2469 revoco
1141 2414 1166 2467 in
1190 2412 1339 2481 excelsum,
1367 2429 1420 2470 non
1445 2413 1472 2471 in
1498 2411 1701 2484 amptitudinem
1726 2415 1819 2484 tendo,

138 2522 289 2581 mittunt.
305 2517 409 2591 Cttrpus
424 2517 531 2575 bomini
546 2532 562 2573 a
584 2531 646 2576 sese
660 2531 713 2573 non
729 2514 832 2582 delicit,
855 2524 884 2569 ut
908 2529 970 2570 sese
1021 2523 1074 2564 non
1086 2507 1189 2564 deduco
1203 2509 1230 2564 in
1241 2507 1414 2579 profundum.
1430 2506 1526 2563 Nonne
1537 2508 1722 2578 eutranintitcr
1743 2509 1821 2580 iguo-

138 2621 289 2673 resntust
309 2628 343 2669 er
366 2612 451 2669 niltilo
474 2630 482 2667 ε
506 2621 534 2667 et
557 2610 687 2681 undequi
708 2610 810 2666 assistit
830 2609 857 2663 in
879 2608 970 2664 medio
1021 2599 1242 2657 rabisCreatoris
1256 2601 1435 2667 nativitatem,
1449 2599 1575 2670 ignorans
1588 2600 1720 2672 originum
1743 2616 1820 2657 crea-

138 2709 222 2766 asti
241 2707 321 2769 Cedit
333 2705 367 2763 ud
382 2705 442 2763 bate
457 2715 486 2763 ot
500 2720 596 2763 sensus
606 2713 634 2761 nt
648 2719 748 2770 sermo,
759 2703 841 2776 500
853 2712 880 2758 et
893 2711 969 2759 extra
1021 2692 1108 2749 turael
1131 2691 1188 2749 lloc
1210 2692 1306 2749 saltem
1329 2692 1448 2764 requiro,
1465 2693 1584 2749 sentisne
1598 2701 1624 2749 te
1638 2695 1771 2764 genitum,
1792 2702 1821 2750 et

136 2804 300 2861 rationem
322 2799 467 2856 numanam
481 2806 525 2857 est
545 2799 644 2855 ueritas
657 2797 731 2853 lacti.
745 2796 848 2853 idcirco
862 2810 927 2864 ergo
940 2803 970 2851 ut
1022 2799 1081 2854 11113
1096 2799 1130 2839 11
1144 2783 1693 2867 [181111111111111111111811ῩΝο111111111),
1709 2800 1819 2841 1111111111

134 2894 186 2955 du
201 2895 353 2953 nativitate
366 2892 406 2967 (cl
423 2892 551 2959 tollimus,
569 2892 605 2948 ita
619 2891 694 2948 etde
717 2890 840 2962 ingressu
863 2890 968 2948 Domini
1020 2877 1092 2933 unde
1115 2876 1248 2943 lrattserls,
1273 2877 1356 2932 vitum
1379 2877 1451 2933 unde
1473 2877 1584 2933 sortitus
1603 2876 1650 2946 sis,
1666 2877 1821 2950 intelligen-

135 2988 340 3046 mentiamur,
368 2986 495 3042 Dicamus
518 2985 618 3041 factum
639 2999 693 3039 „011
706 2983 799 3047 tuisse,
813 2982 875 3053 quta
891 2981 970 3037 ιιηρι.
1022 2969 1085 3024 ιίιιιι
1100 2969 1170 3025 unde
1184 2969 1297 3042 adeptus
1312 2970 1361 3033 sis.
1372 2971 1451 3041 quale
1465 2970 1500 3028 sit
1513 2970 1585 3043 quod
1598 2971 1624 3026 in
1639 2982 1665 3029 te
1679 2982 1730 3040 est,
1740 2972 1817 3041 udor,

134 3079 304 3156 ligantiam
330 3078 392 3135 lacti
421 3093 475 3134 non
505 3076 735 3148 apprehendimus
758 3093 765 3129 ς
793 3084 821 3131 et
846 3082 969 3131 cessante
1020 3078 1129 3131 senilis,
1147 3063 1818 3135 uistts‚autliuts;certenemonnodlaciturescit:

133 3190 248 3235 sensu
263 3183 372 3240 nostro,
397 3172 460 3229 Ateii
483 3172 568 3243 ipsius
581 3177 670 3229 cesset
682 3169 804 3226 edesius.
818 3167 871 3226 Sed
890 3147 1005 3223 tinen-C
1021 3174 1114 3231 qumro
1129 3157 1198 3214 unde
1210 3157 1260 3213 ista
1277 3159 1319 3213 itis
1333 3158 1367 3231 (s)
1384 3173 1451 3230 qttns
1468 3172 1581 3228 genueras
1593 3157 1742 3229 indulgeas,
1753 3172 1820 3228 qun·

139 3269 277 3327 dacium
293 3277 415 3325 nostrum
430 3264 492 3321 lacti
507 3263 573 3321 ltdes
593 3263 686 3319 virtrit.
709 3261 820 3318 Adstitit
842 3260 969 3315 llomintts
1022 3253 1206 3309 litersensum
1222 3251 1335 3317 inseras.
1362 3251 1455 3307 oculos
1478 3248 1620 3319 accendas,
1644 3264 1691 3306 cor
1713 3249 1818 3321 alligas.
1888 3324 1897 3343 .

136 3366 258 3423 clausa
283 3361 365 3417 dumo
389 3362 416 3416 in
440 3359 529 3415 medin
552 3358 744 3427 discipulorum
759 3372 765 3411 :
782 3361 810 3410 et
829 3354 915 3411 lilius
928 3362 974 3410 est
1022 3346 1096 3415 tine,
1112 3347 1134 3402 si
1154 3354 1241 3418 notes,
1262 3360 1370 3402 enarro.
1393 3344 1482 3401 llabrs
1498 3358 1565 3416 crgo
1578 3343 1649 3413 rtuod
1673 3343 1771 3407 nest-is,
1793 3352 1821 3399 et

136 3470 247 3515 matus
270 3471 306 3512 ex
329 3453 418 3511 Patre.
442 3451 502 3509 Noli
518 3465 616 3521 negare
630 3449 702 3521 quod
716 3447 830 3514 steterit,
845 3447 907 3517 quia
922 3461 970 3516 ner
1022 3439 1118 3495 tribuis
1139 3455 1200 3511 qua
1225 3455 1278 3496 non
1295 3438 1444 3509 intelligis:
1472 3436 1658 3509 equanimiter
1678 3434 1820 3508 irruperitus

138 3548 351 3620 intelligentia
372 3544 555 3604 infirmitatem
579 3542 753 3599 consistentis
772 3553 826 3594 non
841 3537 881 3610 (d)
903 3552 970 3593 con-
1022 3532 1049 3589 in
1064 3533 1128 3600 tuis,
1142 3531 1291 3589 insolenter
1305 3531 1332 3589 itt
1350 3531 1397 3587 liei
1410 3529 1490 3586 rebus
1502 3530 1621 3601 ignarus.

139 3642 292 3716 sequaris
302 3640 442 3700 introitum
465 3653 472 3693 s
490 3635 543 3692 noli
555 3633 660 3693 nescire
675 3632 745 3706 quod
760 3632 795 3691 ab
809 3631 928 3703 ingenito
941 3639 968 3690 ct

210 3849 228 3904 l
260 3849 310 3903 llio
323 3861 339 3903 a
352 3860 419 3901 mss.
435 3846 513 3901 abest
524 3844 664 3900 dumtaxat
678 3857 797 3898 suorum.
1020 3844 1198 3901 nutricantibus
1211 3858 1276 3898 mse.

193 3853 225 3993 de
252 3919 371 3977 Rursum
386 3917 431 3974 liic
446 3915 512 3975 edit.
538 3916 655 3990 fallimur
675 3928 686 3970 ι
706 3913 796 3971 denuo
821 3913 968 3971 emendan-
1056 3915 1093 3998 (l)
1110 3915 1217 3986 Aliquot
1232 3927 1297 3971 mss.
1319 3912 1411 3984 qulbus
1424 3909 1568 3971 retineris:
1586 3922 1650 3963 mos
1672 3904 1753 3963 uictu.
1775 3918 1820 3959 eor

143 3998 206 4051 tur
217 4006 255 4047 ex
268 3990 387 4061 seriptis.
493 4058 500 4072 ἱ
1019 3987 1124 4061 astituat
1135 4027 1143 4057 .
1155 4003 1208 4042 non
1222 3984 1367 4063 scruffiqas.

196 4062 244 4136 (d)
258 4061 288 4118 ln
304 4075 383 4129 mss,
399 4074 523 4131 aequum.

150 4170 1803 4221 ...-..-....--.--...-.-----—--···

717 4290 1253 4427 ADMONITIO

488 4491 550 4575 IN
584 4490 814 4577 LIBRUM
842 4493 1084 4580 CONTRA
1116 4493 1498 4581 AUXENTIUM.

193 3777 241 3991 (⁰2
256 3776 336 3843 Mfflo
350 3774 464 3846 1111111111
479 3773 570 3828 netes.
1057 3773 1093 3845 (e)
1107 3773 1140 3828 Et
1164 3770 1208 3827 bic
1228 3770 1292 3827 editi
1313 3769 1470 3842 particulam
1490 3772 1633 3836 negantem
1657 3760 1816 3834 profluuium

198 4747 223 4804 l.
240 4743 326 4803 Libro
340 4742 404 4813 lucc,
427 4750 529 4803 uicum
550 4743 715 4817 llicronymo
732 4742 775 4816 (ds
790 4743 878 4813 Serio.
890 4744 967 4818 tect.)
980 4750 1008 4813 Ι)
1021 4746 1140 4816 ortorum
1155 4746 1305 4807 editionum
1321 4747 1514 4820 lectioneque
1530 4747 1682 4805 Auxentius
1704 4747 1738 4802 ita
1754 4747 1822 4803 srri-

136 4834 323 4914 loquamur.
346 4838 481 4910 elegante,
498 4837 614 4895 llilarius
635 4836 740 4897 destris
755 4853 816 4895 cum
834 4838 969 4899 Auxetttlo
1021 4839 1102 4897 bebat
1117 4857 1190 4896 num.
1206 4839 1258 4896 12:
1273 4857 1325 4897 non
1345 4850 1462 4912 oportere
1487 4841 1540 4898 ullu
1561 4842 1739 4912 spinosorum
1760 4841 1823 4895 uni·

142 4927 315 4993 Uedioleni
339 4932 424 5002 gestis
455 4929 605 4987 catholicos
629 4931 761 4995 certiores
792 4931 865 4989 lacit.
890 4930 969 4991 litum
1023 4941 1100 4989 tutent
1123 4942 1181 5005 post
1211 4942 1295 4989 tantm
1318 4933 1419 4991 labores
1440 4950 1472 4989 eu
1495 4934 1654 4989 sortientium
1680 4948 1821 5004 perrectum

145 5024 324 5085 Constantii
349 5033 482 5095 ternpore,
505 5038 538 5079 ac
567 5023 679 5093 nrmnde
701 5032 764 5083 unte
786 5040 884 5081 annunt
906 5024 971 5092 llil,
1023 5029 1154 5085 lominum
1170 5029 1290 5101 refricari
1312 5042 1436 5087 nutscrts
1454 5043 1586 5085 nucunrts
1600 5038 1659 5085 urite
1683 5044 1765 5083 annus
1779 5027 1824 5083 dt·

143 5119 275 5177 editum
298 5131 360 5173 esse
385 5117 671 5188 repungnamnmmris
688 5115 973 5180 ltscsonarevldean·
1023 5137 1089 5189 cem,
1117 5132 1147 5178 ιιι
1168 5120 1202 5177 de
1224 5131 1382 5191 contemptu
1415 5121 1625 5179 Ariminensium
1649 5120 1822 5175 decretorum

150 5218 213 5273 Aur
242 5209 423 5280 expendendo
448 5225 499 5267 suc
526 5210 587 5266 loco
623 5210 742 5271 Facundi
770 5211 973 5273 llermlanensis
1024 5226 1087 5273 ante
1097 5230 1183 5273 annos
1198 5216 1292 5272 decom
1304 5215 1438 5273 editurum
1461 5214 1591 5286 conqueri
1604 5214 1753 5271 uideretur.
1771 5213 1823 5271 Ve-

143 5305 249 5363 verba
265 5301 431 5376 (demades,
454 5313 473 5358 t.
489 5318 518 5359 tu
533 5302 639 5375 Spicil..
656 5322 682 5377 ρ.
701 5304 774 5377 itu).
797 5303 890 5377 Neque
912 5322 971 5363 mr·
1025 5323 1085 5367 rum
1108 5323 1142 5369 cx
1164 5322 1196 5367 su
1219 5307 1276 5378 insa
1302 5307 1419 5365 lectione
1437 5307 1493 5378 jam
1523 5307 1652 5378 castigata
1676 5305 1824 5365 itttertmsci

145 5398 206 5469 tis
222 5393 335 5461 ueritati
348 5404 531 5453 censentanea
546 5404 588 5461 est
600 5395 708 5453 baronti
719 5411 751 5453 ac
764 5396 895 5457 lllundolli
907 5412 971 5454 sen·
1026 5401 1117 5461 terius
1131 5410 1220 5471 ootest
1235 5400 1314 5472 liuius
1337 5401 1428 5471 oneris
1450 5407 1567 5470 lemnum.
1588 5398 1657 5457 Cum
1680 5399 1752 5454 enim
1775 5411 1824 5468 nro

152 5488 265 5556 ῑοιιιίι,
290 5502 342 5559 qua
362 5501 425 5545 eum
440 5502 511 5544 annu
537 5486 855 5559 incentoromnium
877 5506 885 5545 s
910 5505 971 5549 entn
1027 5492 1133 5565 rijtzctir
1153 5493 1261 5550 demetit
1280 5500 1340 5547 uate
1359 5508 1442 5547 annor
1464 5491 1560 5558 decent,
1584 5489 1725 5561 legendum
1744 5488 1826 5552 situl

156 5598 202 5645 uc
217 5592 341 5655 tempore
357 5581 483 5651 Hilarius,
501 5581 677 5657 Hieronymo,
700 5581 820 5652 Sulnicio
832 5583 934 5641 Severo
948 5592 975 5643 et
1027 5586 1136 5662 abjectis
1149 5596 1212 5643 ente
1229 5603 1311 5645 annor
1330 5587 1434 5653 decem
1456 5600 1570 5654 eumque
1585 5584 1735 5647 Arruntius
1757 5596 1825 5655 qnos

163 5676 306 5751 Grseorio
327 5674 480 5745 turonensi
503 5676 670 5746 auctoribus,
692 5690 708 5736 e
732 5677 803 5736 ritis
826 5679 976 5743 excurisse
1034 5679 1096 5756 illos
1110 5681 1232 5753 abiectos
1245 5683 1388 5758 intelligat,
1403 5682 1517 5744 subinde
1530 5683 1651 5741 declaret
1666 5679 1708 5761 itis
1721 5689 1812 5756 nostro

168 5770 378 5853 comprobetur.
402 5770 538 5849 umatus
560 5778 675 5849 nurum
705 5770 757 5833 luit
779 5786 814 5835 ea
846 5771 977 5839 uendere
1038 5775 1227 5856 mlt'oulstole
1241 5793 1298 5841 sue
1315 5778 1425 5840 tcrbltt
1440 5778 1488 5841 Sic
1510 5777 1578 5841 enim
1600 5783 1735 5855 conscisci
1753 5774 1832 5849 lert·
