3884 6136
126 272 181 330 995

126 393 175 442 est,
188 384 220 443 ll,
234 384 370 435 59877771
389 387 472 437 verbis
498 389 588 452 quinus
600 392 674 452 possit
683 390 772 440 fallere
785 389 925 452 etelectus

126 448 257 497 51183770
271 450 411 510 episcopum
433 449 551 500 Ecclesiae
570 451 695 502 eatlmllcae
706 453 925 505 llediolanennnm

126 515 207 569 sucat,
220 510 275 559 nm.
290 511 453 572 Biisphemia
465 511 520 571 ejus
531 527 604 563 exem
617 514 681 565 luni.
879 515 927 569 699

157 572 281 621 Auxilium
303 529 651 643 977777007777777,1,599;
673 578 697 625 77
718 577 925 638 tribulationibus,

124 632 172 683 569
184 649 189 693 ;
202 646 233 681 ue
247 641 350 682 turitano
360 635 571 697 77077777777,589.
581 637 685 687 907770
693 651 792 702 semper
803 648 841 690 est
854 653 927 690 oran·

125 696 197 754 dnm,
217 694 272 743 574.
295 694 419 745 Auxilium
432 711 444 746 a
457 698 561 750 Domino
580 701 651 749 nobis
675 702 760 750 venire
783 712 843 750 7777
866 698 926 754 67177

128 765 179 869 tiss&
197 755 397 870 7697970770710
413 772 461 812 707
477 758 542 811 desit
563 762 721 824 sperantibus
739 763 763 812 in
782 775 849 824 eum,
869 762 926 818 569.

152 831 194 870 re
227 827 296 869 ratia.

506 942 538 1023 B

158 1077 266 1143 Babylon
277 1077 425 1129 confusionis
435 1079 510 1129 habet
522 1077 759 1142 interpretationem,
773 1076 794 1139 1,
808 1077 864 1128 579.
877 1076 926 1129 97-

129 1141 330 1205 hpionislornax.
866 1140 924 1193 695.

157 1203 345 1255 Binriortiunuii
357 1201 466 1265 uictoria,
481 1201 504 1268 l,
513 1201 568 1256 tm.
582 1201 625 1253 Bis
636 1201 699 1252 luda
710 1209 795 1266 eaptus
810 1203 925 1319 somn&

832 1322 865 1386 11,
878 1323 925 1378 667

845 1388 864 1453 l,
878 1390 925 1442 675

156 1447 282 1510 9777775770
301 1451 395 1501 Domini
417 1463 486 1515 utpute
505 1458 675 1514 consecrate,
695 1450 716 1513 1,
735 1448 924 1517 inemptum

125 1514 203 1563 riustri
216 1513 320 1564 ellectus
330 1515 355 1563 in
367 1513 456 1563 Christi
470 1516 590 1576 baptismo
602 1513 790 1577 praemonstrati.
877 1512 924 1566 676

157 1575 272 1637 Baptisnti
287 1578 368 1626 uilitas
379 1589 406 1625 ac
419 1575 496 1637 noes,
509 1574 543 1639 ll,
556 1574 612 1631 373.
626 1576 682 1628 sitl-
695 1574 835 1635 Bipttzinoi
850 1587 925 1637 quam

126 1634 199 1685 iidem
211 1637 378 1701 proibeantur,
393 1636 413 1700 l,
427 1638 474 1688 ’776
485 1655 491 1701 ;
504 1646 555 1687 7070
568 1640 591 1686 77
602 1638 703 1699 jejuniis
717 1637 834 1698 passionis
844 1635 924 1685 domi·

127 1699 188 1749 nicar
208 1706 319 1762 tempore
338 1699 508 1760 demorantur,
527 1700 574 1750 776
586 1714 592 1759 ;
606 1703 699 1748 7777770
719 1701 751 1747 777
771 1698 923 1759 respondent

125 1772 153 1807 se
166 1763 310 1809 renuntiare
322 1761 420 1812 diabolo
432 1803 438 1822 ,
454 1763 561 1820 saeculo,
573 1764 680 1824 peccatis·
690 1711 746 1824 ,96
759 1759 788 1810 hi
801 1761 923 1871 baptismo

123 1821 205 1879 jurata
222 1821 299 1882 sides,
313 1822 354 1888 ll,
375 1824 430 1874 571.
445 1825 565 1886 Baptisuta
579 1822 671 1871 utillum
690 1824 744 1871 sine
763 1821 921 1885 Consiliis,

125 1882 185 1991 516.
201 1883 407 1946 hegenerationis
426 1886 559 1949 symbulum
572 1923 579 1948 ,
592 1885 647 1934 477.
660 1883 924 1996 717777777977777ςὲἕέ8

138 1958 177 1994 ess
208 1984 213 1995 .

156 1960 296 2072 9997777777
307 2009 331 2056 77
344 2008 417 2059 l'atre
429 2009 535 2073 7197170,
548 2007 581 2067 ll,
596 2006 653 2069 196;
665 2010 688 2057 77
696 2008 771 2057 Patre
784 2004 884 2058 7197170
898 2015 924 2058 et

125 2068 143 2116 S
164 2070 221 2118 iritu
234 2069 333 2133 Sancto,
346 2072 381 2122 75.
393 2071 539 2132 7777077017
551 2073 692 2132 hapitiiiriut
705 2071 728 2118 iu
740 2071 837 2119 nomine
849 2067 921 2133 lesit,

125 2084 179 2182 599.
200 2131 320 2190 Baptistna
331 2133 457 2194 apostolici
469 2133 541 2184 odicii
553 2134 726 2194 ministerium,
738 2132 758 2193 i,
770 2132 814 2182 957
826 2146 832 2193 ;
845 2144 859 2180 7
870 2132 923 2180 7177·

125 2193 585 2305 ii¹¹iix³i¹¹¹itmetii-‘'mii''
599 2193 921 2305 ‘iiiiiiieiltllth

259 2271 271 2302 7
302 2270 543 2306 imuaurcmtss
604 2271 617 2302 e
786 2293 793 2314 ‚
854 2292 859 2302 .
910 2280 923 2291 -

125 2322 197 2364 natus
210 2269 521 2381 776197710777771777977
536 2323 575 2366 est
587 2271 647 2367 955,
660 2290 784 2376 Quomodo
793 2313 869 2365 lsrael
879 2318 921 2376 sit,

127 2376 181 2426 196.
196 2375 312 2438 Bapttismi
329 2387 483 2428 sacramento
495 2356 651 2442 sptendirem
664 2377 804 2448 percipiunt
815 2377 920 2447 nitiitrae,

125 2439 179 2490 794.
193 2437 323 2499 9777777777
338 2441 428 2489 indulta
439 2441 545 2503 Spiritus
562 2441 636 2488 sancti
649 2438 760 2500 quiedam
774 2439 851 2499 777777,
865 2438 921 2499 lun

126 2503 250 2564 possessio
262 2509 410 2552 {eternorum
427 2515 556 2564 corporum
574 2502 701 2550 inchoatur
716 2538 722 2560 ,
737 2500 790 2550 199.
802 2499 921 2561 Baptistni

125 2563 284 2624 regeneratio
296 2566 487 2614 resurrectionis
497 2573 535 2613 est
546 2566 631 2621 uirtus,
643 2561 675 2621 11,
687 2562 742 2612 965.
758 2561 876 2624 Baptistui
888 2563 922 2610 la-

127 2635 199 2672 vacro
215 2637 259 2687 pet·
272 2627 341 2679 uerbi
363 2630 478 2677 virtittem
498 2628 577 2676 anima
600 2632 625 2675 ct
647 2636 751 2688 corpore
770 2625 923 2684 innovamur,

125 2685 173 2739 779
183 2700 189 2746 ;
201 2697 289 2747 corpus
299 2688 323 2736 in
336 2697 445 2738 natiiratn
457 2689 543 2737 attimar
555 2685 645 2736 euadit.
874 2684 920 2738 719

157 2747 191 2798 97
210 2748 782 2812 77777767777777777771777077777077777777
794 2745 862 2797 eoelu.
871 2761 921 2813 utu,

125 2807 146 2867 Ι,
160 2762 212 2860 189.
225 2809 322 2860 Recens
334 2815 427 2863 renatis
439 2811 500 2860 tides
512 2819 618 2870 tenera,
639 2819 665 2860 ct
685 2809 790 2879 nundum
811 2807 922 2870 71777777,

125 2873 180 2923 lito.
193 2872 318 2935 Baptistuo
329 2875 408 2925 renati
421 2874 576 2923 meminerint
585 2886 614 2922 se
626 2884 674 2921 non
686 2883 755 2920 stiam
766 2881 865 2919 carnem
877 2871 922 2921 ha-

124 2933 197 2994 bere,
210 2934 255 2983 sed
268 2934 356 2987 Christi
368 2975 375 2999 ,
387 2934 446 2997 979;
458 2943 483 2984 77
495 2937 520 2984 in
533 2934 681 2984 consortium
691 2933 771 2982 earnis
782 2931 870 2983 Christi
883 2936 922 2985 in·

125 3001 233 3054 troeant,
255 3009 354 3047 earnem
375 3011 429 3047 cum
449 2999 560 3047 uitiiset
579 2993 785 3056 concupiscentiis
804 2993 924 3059 ailllgant,

124 3057 180 3108 979.
202 3059 325 3119 Baptismo
343 3073 390 3108 non
409 3059 520 3108 redditur
533 3060 679 3106 innocentiae
697 3055 804 3118 perlecta
822 3059 922 3122 puritas,

124 3119 181 3171 999.
195 3119 252 3168 l‘nst
266 3122 412 3183 baptismum
424 3134 493 3183 aque
510 3129 643 3181 supersunt
661 3118 805 3229 baptismata
818 3119 924 3181 Spiritus

124 3183 220 3240 sancti,
233 3183 313 3245 ignis,
333 3184 448 3233 tassionis
459 3191 500 3232 aut
511 3185 605 3239 7707777,
618 3182 672 3233 991.
707 3183 818 3254 aptitatus
831 3182 855 3228 in
867 3178 924 3241 Spi-

127 3247 177 3294 ritu
189 3251 274 3292 saucto
293 3259 321 3294 77
334 3247 417 3308 iqunm
430 3253 469 3294 est
489 3246 627 3294 consummi
650 3244 709 3306 igne
718 3240 812 3304 77717777.
878 3244 924 3296 675

158 3306 298 3367 Biiiiiis,
311 3307 333 3355 itl
347 3313 385 3357 est
396 3308 471 3367 patris
479 3305 550 3355 iliius.
847 3298 868 3367 l,
878 3306 923 3356 8177

154 3366 280 3417 Binuiiuo
300 3371 437 3430 presbyter.
455 3371 483 3415 V.
506 3367 571 3429 praei.
592 3368 622 3416 ad
642 3373 699 3416 tom.
714 3365 736 3415 77
750 3405 756 3428 ,
772 3371 820 3416 not.
832 3368 847 3415 5
858 3376 880 3418 77
893 3369 924 3420 99

156 3430 257 3480 Binum
269 3429 384 3480 Jcremhe
398 3433 495 3479 notitine
508 3431 605 3480 citatur.
761 3425 794 3490 11,
811 3427 865 3492 797,
881 3431 925 3482 159

154 3493 238 3541 Bisiit
252 3493 369 3553 pudorem
382 3495 408 3541 et
419 3490 584 3541 confusionem
597 3490 616 3538 si
637 3486 724 3538 719077.
773 3486 795 3544 l.
807 3489 863 3547 951,
876 3493 924 3543 557

155 3554 267 3604 Risimus
279 3553 388 3616 77777777,
402 3550 435 3617 lt,
447 3551 503 3624 665,
513 3552 568 3615 689,
581 3503 641 3613 ruffi
651 3554 675 3601 in
685 3549 775 3614 synodo
783 3551 923 3607 Sardlcensi

125 3615 384 3678 7077177777777,698.
399 3614 498 3678 Basilii,
511 3614 645 3664 secuttdum
665 3613 810 3677 7170770707,
832 3610 923 3677 perlida

126 3679 230 3728 assertio
243 3685 425 3741 propterquam
436 3677 542 3741 synnodus
552 3677 615 3727 iacta
627 3682 675 3726 est.
876 3677 923 3728 7776

157 3739 257 3790 bissus.
833 3734 924 3793 lituo

156 3800 270 3851 Bissusa
282 3800 336 3851 Car.
829 3798 862 3859 ll,
875 3801 922 3852 967

157 3862 247 3915 Bissus
257 3877 271 3912 a
282 3860 473 3928 Diocletianop,
485 3858 519 3924 ll,
531 3862 588 3924 659,
600 3861 658 3912 olim
675 3861 708 3912 do
727 3861 796 3925 Syria
807 3859 924 3923 deporta-

125 3932 166 3976 tus
179 3935 231 3988 7077
243 3924 369 3976 ordinatus
381 3926 518 3989 episeopus.
698 3973 704 3980 ,
876 3925 924 3977 659

156 3965 288 4039 9771777710
304 4001 352 4038 707
365 3996 403 4036 est
420 3989 492 4051 hujtis
502 3985 585 4037 saeculi
599 4000 605 4038 ε
618 3997 729 4048 nuaenam
742 3985 841 4036 interint
853 3987 924 4038 nobis

124 4050 284 4105 concedatur.
306 4047 325 4109 l,
347 4047 580 4101 787977777777777
591 4046 786 4111 irreligiosorum
810 4046 924 4101 infelices

125 4126 153 4161 ca
167 4118 199 4161 riu
212 4110 331 4161 difficiles.
876 4110 921 4163 tol

156 4129 429 4224 977777777777777707
439 4185 497 4237 spes
508 4174 596 4223 rationi
609 4177 647 4223 est
659 4177 839 4233 consentanea,
852 4172 884 4232 ll,
897 4174 922 4226 7.

124 4234 289 4286 Beatitntlinls
299 4249 357 4300 spes
367 4243 405 4287 cst
414 4237 522 4286 omnium
533 4236 652 4299 gentium,
660 4233 741 4299 1,167.
753 4234 923 4303 9777777770

125 4297 192 4346 velle
204 4311 236 4347 ex
249 4297 407 4349 beatitudinis
423 4299 499 4361 ipsius
510 4299 682 4362 expectatione
700 4296 871 4408 proficiscitur,
880 4299 921 4366 95.

156 4360 233 4409 97717
256 4361 304 4409 rita
323 4358 394 4411 nubis
432 4372 460 4409 er
479 4359 672 4411 misericordiam
691 4359 739 4410 171
778 4366 920 4422 raperetur,

126 4419 147 4478 l,
161 4422 224 4484 775,
244 4421 298 4471 177.
309 4374 440 4472 9777777790
449 4434 480 4471 ert
492 4423 537 4473 Dei
547 4420 711 4493 misericordia
722 4462 727 4484 ‚
738 4373 806 4493 ,699
816 4432 864 4470 non
877 4434 923 4474 cx-

125 4482 193 4533 cluso
215 4483 327 4534 merendi
344 4485 495 4548 nutrimenti
514 4489 539 4533 ct
554 4496 608 4545 seq.
621 4482 783 4535 beatitudiuis
804 4482 921 4545 perlecta

125 4546 240 4595 meritum
251 4546 316 4595 trude
327 4546 398 4596 nobis
406 4544 663 4610 sit,92.Beatltudinis
671 4559 745 4595 eausa
754 4542 811 4594 77777
822 4546 854 4594 sit
863 4544 921 4596 lidei

125 4606 249 4670 meritum,
264 4609 368 4658 maxima
378 4616 459 4658 tamen
470 4613 509 4657 est
521 4605 566 4656 Del
578 4605 756 4668 misericordie,
770 4607 823 4657 579.
835 4605 921 4658 Beati·

126 4668 217 4717 tudinis
227 4682 279 4719 sure
290 4671 436 4732 participem
452 4669 576 4718 irentinem
595 4667 718 4726 condidit,
731 4668 770 4719 58.
783 4667 852 4718 9777
864 4681 921 4719 enin

126 4729 203 4781 rolult
216 4744 261 4794 per
275 4733 389 4782 meritum
404 4734 492 4780 amoris
504 4738 529 4780 et
541 4729 654 4792 obsequii
668 4732 705 4778 sui
716 4741 868 4789 7077777777,
879 4732 920 4783 59.

126 4791 163 4841 nd
176 4793 353 4865 beatitudinem
370 4795 479 4856 quinque
498 4792 601 4855 grandus,
622 4790 660 4841 19.
681 4789 862 4864 Beatitndinem
875 4805 921 4844 ex-

125 4851 921 4979 iiiiititillatitilililnntliiinii?'utillimis

125 4989 214 5040 077777
228 4982 283 5026 ritae
297 4984 374 5027 status
384 4985 468 5028 certus
480 4986 534 5036 est,
547 4991 559 5025 s
581 4981 607 5026 et
618 4976 698 5040 pletas
709 4978 731 5026 ln
742 4976 823 5028 Deum
831 4980 863 5028 sit
894 4983 921 5030 et

127 5038 245 5102 patientia
258 5042 282 5089 iu
295 5040 411 5100 aduersis,
427 5046 454 5090 et
463 5046 618 5102 contemptus
630 5038 769 5103 opulentias.
873 5017 921 5091 165

158 5100 250 5152 Beatus
261 5102 299 5150 777
311 5100 407 5152 Christo
424 5102 511 5152 similis
523 5141 529 5159 ,
542 5099 563 5162 l,
575 5100 621 5162 243
634 5092 745 5164 quintio,
756 5101 795 5153 95.
808 5101 920 5152 97771777-

125 5158 209 5212 dinem
222 5169 326 5212 nostram
340 5166 381 5225 qni
394 5170 523 5227 exspectet
534 5164 613 5212 omnis
623 5176 665 5213 res
676 5172 759 5212 creata
769 5201 776 5223 ‚
787 5163 843 5213 677.
854 5163 921 5213 977-

125 5225 204 5272 iltndo
214 5225 312 5273 mitibus
322 5225 447 5285 promissa,
454 5225 562 5287 corporis
576 5223 640 5283 7777071
650 5223 767 5273 1707777777
778 5228 919 5288 assumpsit,

125 5283 300 5346 habitaculum,
310 5287 364 5336 689.
375 5285 458 5336 977777
471 5287 677 5350 7717777177,977
691 5291 777 5348 etseq.
790 5286 920 5338 Restitutio

124 5344 269 5396 stricturum
282 5356 336 5408 post
346 5355 464 5407 mortem,
476 5347 532 5399 667,
544 5347 628 5399 Beate
636 5349 728 5413 quietis
738 5347 831 5399 honore
843 5348 921 5400 mba-

126 5406 185 5456 rlam
197 5410 255 5457 ultae
266 5408 393 5464 1777077077
403 5409 506 5459 Lazarus
514 5411 631 5461 demutat.
872 5411 920 5463 596

156 5470 224 5518 Beati
237 5475 294 5520 sunt
305 5472 355 5533 dii,
369 5470 397 5535 l,
410 5471 465 5522 579.
478 5471 567 5521 Eorum
579 5481 673 5522 aeterua
690 5473 760 5534 regio
772 5479 811 5521 est
824 5472 920 5546 paradi·

123 5543 174 5590 sus,
186 5533 225 5583 96.
238 5532 372 5586 Beaturmn
382 5536 519 5584 communio
529 5546 585 5583 curn
594 5531 698 5594 Christo,
710 5534 765 5585 618.
776 5530 863 5584 uicies
872 5533 920 5586 ilci

123 5591 234 5644 Christus
246 5597 379 5658 unicuique
391 5592 920 5655 9777107677769787701077779777177711)

189 5659 408 5719 resurrectionem,
424 5659 483 5722 765;
497 5657 599 5710 ietiettas
612 5667 637 5709 et
649 5659 781 5721 securitas,
793 5657 849 5716 617,
862 5658 917 5715 iiii.

145 5727 254 5771 catorum
266 5720 344 5785 gloria
358 5728 384 5773 et
395 5726 533 5776 mansiones
544 5731 600 5776 sunl
614 5722 735 5788 (1177777,
749 5723 804 5789 186,
818 5723 871 5780 195.
882 5724 919 5792 dd

106 5782 320 5849 cultihitatiunetn
333 5785 381 5837 977
394 5798 442 5838 707
451 5789 575 5853 eligentur
583 5800 679 5851 omnes,
691 5788 751 5853 186;
763 5791 817 5851 lieo
824 5788 920 5855 Christo

156 1328 282 1452 99999970
294 1387 397 1439 ioannis
409 1396 434 1438 et
445 1388 534 1440 Christi
548 1403 603 1452 0777
616 1390 702 1451 tirius.

648 270 753 334 innuit
774 272 894 337 nontin
915 275 958 337 itt
973 278 1252 342 sententiandi.

996 396 1075 458 ropria
1085 402 1134 458 est,
1165 409 1220 446 uam
1233 402 1259 446 ot
1269 394 1390 460 Aposioiis
1399 398 1569 460 communicat,
1582 396 1603 458 l,
1614 396 1665 448 186.
1681 399 1774 451 Orsines

978 408 1060 507 [77777
1080 411 1163 509 sancti
1183 456 1268 521 gioria
1285 460 1394 510 ctnlestis
1417 459 1535 508 honorem
1551 462 1695 522 sortientur,
1718 461 1773 515 786.

978 518 1047 568 Beati
1061 520 1194 572 induuntur
1206 521 1321 584 salutari,
1334 521 1422 573 Christi
1434 521 1520 584 glurlae
1532 523 1668 573 contuentes
1680 521 1774 583 enecti,

978 579 1008 631 79
1014 579 1032 632 i.
1046 581 1116 632 Beati
1127 583 1248 644 quomodo
1256 582 1351 633 Christo
1362 583 1485 633 mediante
1499 585 1523 632 in
1535 587 1654 635 trinitatem
1665 592 1773 644 77777777

977 645 1112 706 majestatis
1132 645 1319 706 assumpsimus
1337 655 1427 709 etseq.
1440 645 1510 695 97777
1524 646 1614 697 nullius
1624 650 1732 705 77717771
1743 643 1774 698 ad

978 707 1089 768 corporis
1099 708 1236 770 animaque
1248 708 1418 768 substantiam,
1431 706 1486 757 671.
1497 706 1621 770 Quidquid
1633 708 1657 758 in
1670 709 1707 757 cis
1720 708 1773 774 ilel,

977 774 1098 817 aeternum
1111 776 1149 818 est
1177 782 1232 819 cum
1245 769 1402 819 beatitudinis
1417 781 1491 818 sensu
1502 808 1509 831 ,
1522 768 1562 818 m.
1577 768 1668 820 Laetitia
1688 782 1774 822 eorum

977 837 1150 891 consummata,
1158 809 1217 881 516.
1231 829 1338 881 Gloriam
1351 842 1379 881 77
1390 831 1473 882 lumen
1483 843 1556 882 omne
1567 839 1666 884 sumunt
1676 844 1708 882 es
1717 841 1775 883 coit·

977 891 1139 955 temptatione
1151 888 1286 943 ma'esiatis
1296 893 1353 942 977.

1007 953 1075 1006 Bari
1087 954 1165 1004 locum
1178 907 1263 1005 19717717
1278 960 1354 1007 notat.

1006 1014 1111 1069 9770777
1143 1019 1201 1067 rima
1215 1017 1369 1066 etseeunda.
1682 1019 1716 1079 ll,
1728 1018 1773 1073 757

977 1031 1246 1189 ιιι9711777977777777
1259 1079 1356 1130 Domini
1369 1078 1475 1131 inDarld
1488 1079 1620 1132 7760177117
1633 1081 1774 1195 prehfnffi
1839 1128 1842 1132 ,

1005 1153 1037 1190 ni.

1006 1200 1091 1254 Beluae
1112 1203 1141 1253 ad
1162 1203 1252 1266 aliquid
1281 1203 1424 1255 1077777077
1445 1204 1538 1254 iticertu
1557 1211 1624 1254 motu
1647 1180 1773 1263 77777777.

978 1262 1011 1324 tt,
1024 1264 1085 1325 595;
1098 1265 1219 1327 utromodo
1232 1267 1361 1316 eisnnturn
1375 1265 1426 1328 ipsa
1437 1265 1577 1316 7777717777.
1758 1266 1775 1317 9

1009 1320 1152 1378 Benedictio
1165 1333 1191 1376 et
1203 1327 1256 1378 inus
1265 1328 1320 1389 quid
1333 1326 1548 1383 7176777777699.
1562 1327 1696 1391 Utrumque
1707 1343 1774 1378 setu-

976 1402 1024 1498 877
1036 1390 1158 1439 debemus
1170 1387 1223 1438 Deo
1233 1426 1239 1445 ‚
1251 1390 1305 1440 699.
1324 1389 1495 1438 Benedictioni
1514 1389 1567 1440 laus
1586 1399 1700 1452 77777777,
1718 1388 1773 1442 597.

997 1452 1132 1502 enedicere
1144 1448 1224 1501 97777
1236 1452 1282 1503 soli
1294 1451 1699 1514 77777717797777777,70777770
1712 1466 1770 1515 pec-

976 1516 1032 1569 cati.
1046 1514 1107 1576 5²55
1121 1528 1168 1563 non
1180 1513 1306 1563 fluctuanti
1319 1521 1345 1562 et
1357 1514 1502 1562 inconstanti
1525 1514 1570 1564 Dei
1583 1526 1663 1563 serto.
1723 1510 1774 1566 595

1006 1575 1152 1626 Benedictio
1163 1576 1223 1624 Adae
1235 1577 1290 1625 daia
1306 1589 1353 1624 non
1370 1574 1445 1624 solam
1464 1589 1475 1623 s
1493 1585 1557 1627 eolat
1575 1576 1773 1637 propagationem

976 1635 1109 1697 cartinlem,
1122 1636 1142 1696 1,
1155 1635 1397 1688 99897777776077
1407 1591 1497 1685 cecinit
1506 1637 1577 1686 humo
1590 1651 1634 1698 per
1646 1637 1704 1687 lidae
1717 1651 1774 1700 pec·

976 1705 1073 1756 ratum,
1088 1700 1142 1749 591.
1152 1699 1298 1748 Benedictio
1310 1701 1460 1761 temporaria
1472 1711 1519 1747 non
1530 1701 1677 1760 promittitur
1690 1698 1773 1764 justis,

975 1758 1034 1818 7771;
1046 1762 1214 1823 peccatoribus
1227 1769 1265 1809 est
1275 1762 1372 1810 usitata.
1726 1758 1774 1815 tto

1007 1820 1495 1886 9707777770777977777777077773777,
1505 1820 1525 1887 1,
1535 1821 1769 1877 &benedictioni

976 1888 1049 1943 77777
1058 1886 1189 1934 summittit
1198 1883 1362 1935 Constantius.
1682 1884 1713 1945 ll,
1728 1887 1774 1937 569

1008 1943 1179 1996 Bellerophon.
1682 1947 1714 2010 77,
1726 1951 1774 1999 659

1007 2004 1193 2057 benevolentia.
1204 2006 1283 2068 hlajus
1292 2005 1411 2068 piaculum
1427 2011 1465 2058 est
1477 2007 1659 2059 beneuolentie
1667 2009 1773 2062 cilicium

975 2078 1048 2131 quam
1060 2069 1248 2119 demutationem
1260 2071 1398 2131 preterire.
1697 2069 1772 2136 1,785

1007 2129 1138 2194 Brassica,
1152 2129 1279 2182 Ptolemaei
1291 2139 1377 2182 mater.

1009 2192 1094 2243 Beroe.
1683 2192 1774 2251 17666

990 2315 995 2325 .
1008 2253 1246 2365 977717117777777777777
1260 2263 1297 2304 est
1307 2267 1361 2317 utute
1372 2254 1489 2318 Ephrata,
1504 2255 1526 2319 7,
1539 2256 1593 2307 566.
1606 2255 1635 2306 17
1647 2269 1678 2305 77
1689 2255 1774 2368 17775717-

975 2323 1136 2365 staeintum.

1008 2374 1244 2435 retinnittaitomus
1256 2380 1408 2427 tentantium.
1692 2379 1711 2437 t.
1726 2381 1772 2432 517

1007 2437 1413 2490 97777777777777777771770777.
1693 2440 1714 2502 i,
1726 2441 1773 2494 595

1006 2499 1163 2550 Birsnanasts
1174 2515 1187 2549 s
1203 2501 1257 2549 iiutli
1269 2508 1350 2563 gesta,
1365 2501 1398 2564 ll,
1407 2498 1461 2551 565.
1469 2499 1497 2551 17
1504 2513 1534 2552 77
1540 2503 1637 2566 patroni
1646 2503 1774 2566 hereseos

976 2514 1468 2624 77777777177797777706777771777777.
1726 2564 1773 2616 769

1007 2621 1129 2687 antipate
1142 2624 1246 2686 synnodus
1259 2624 1346 2674 lutura.
1679 2625 1711 2689 li,
1726 2627 1773 2680 769

1005 2684 1135 2738 97777707.
1678 2687 1711 2748 li,
1724 2689 1772 2740 666

1005 2748 1161 2810 Blasplicmia
1178 2747 1292 2811 Spiritus,
1316 2747 1336 2807 l,
1361 2747 1416 2809 759,
1438 2747 1492 2800 899.
1515 2745 1669 2810 Biasphemia
1692 2752 1773 2813 potios

974 2809 1081 2861 hominis
1098 2812 1121 2861 ln
1135 2809 1215 2859 Deum
1227 2809 1396 2862 contumeliosi
1408 2823 1480 2874 qutun
1492 2809 1540 2861 977
1551 2811 1707 2874 opprobrium
1722 2818 1769 2923 cist.

1676 2933 1771 2998 11,659

1005 2996 1071 3045 9077
1083 2997 1156 3058 hujus
1165 2997 1219 3046 77777
1231 3009 1294 3057 quae,
1308 2995 1341 3056 ll,
1353 2997 1374 3045 i.
1389 2996 1455 3045 9077
1468 3001 1567 3045 terreni
1579 2995 1709 3046 lieetbona
1722 3011 1770 3050 non

974 3061 1057 3106 tannen
1080 3057 1190 3120 periente
1213 3058 1292 3118 iruna,
1308 3068 1349 3107 777
1364 3058 1438 3120 justis·
1459 3061 1587 3121 promissa,
1601 3058 1622 3122 i,
1635 3057 1690 3110 tia.
1702 3058 1771 3113 Bona

974 3126 1057 3168 nostra
1071 3120 1203 3170 eventibus
1215 3121 1393 3182 irripicrticntos,
1403 3120 1472 3181 digni
1482 3121 1575 3170 erimus
1584 3132 1669 3170 eurum
1682 3123 1771 3183 utribus

975 3193 989 3228 a
1010 3180 1065 3231 Deo
1086 3135 1245 3243 9777777777,
1266 3181 1321 3231 688.
1341 3182 1464 3231 Bonorum
1493 3189 1648 3231 terrenorum
1671 3183 1771 3245 largitor

974 3239 1051 3304 Deus,
1065 3245 1229 3294 aeternitatem
1252 3243 1300 3293 illis
1319 3245 1362 3306 qui
1382 3253 1450 3295 recte
1468 3245 1500 3294 lis
1518 3251 1618 3293 utentur
1635 3245 1769 3358 impert‘ljet.

1004 3367 1071 3416 Bona
1083 3367 1157 3417 multa
1168 3380 1215 3416 uon
1227 3368 1347 3427 'trcttnda‚
1362 3367 1498 3428 etsjucunda
1512 3381 1559 3418 non
1578 3368 1656 3427 buna,
1667 3367 1676 3419 l
1688 3407 1693 3425 ,
1714 3370 1769 3422 517.

974 3428 1066 3478 Bonum
1076 3426 1210 3488 juciindutn
1232 3436 1329 3477 interna
1342 3431 1431 3491 unitas,
1442 3430 1497 3481 578.
1508 3430 1574 3479 9077
1585 3433 1671 3479 nidmu¹
1682 3434 1732 3481 oris
1743 3447 1771 3483 70

973 3491 1055 3540 cordis
1066 3490 1174 3539 clamore
1186 3499 1212 3539 et
1220 3491 1311 3540 inieritis
1321 3494 1426 3552 puritate
1446 3495 1537 3543 meruit
1551 3491 1626 3542 977777
1638 3531 1644 3552 ,
1657 3493 1712 3544 996.
1723 3495 1772 3544 97-

975 3565 1032 3601 num
1045 3559 1082 3602 cst
1095 3550 1209 3615 quidquid
1221 3551 1246 3601 17
1260 3565 1303 3600 nos
1317 3554 1368 3614 agit
1379 3553 1456 3614 Deus,
1464 3552 1520 3604 551.
1529 3554 1651 3605 Bonorum
1664 3563 1770 3605 aeterno-

974 3627 1027 3663 mtn
1040 3627 1097 3676 spes
1109 3613 1231 3678 inquibus
1242 3613 1348 3663 lundata.
1367 3649 1368 3653 ,
1723 3617 1771 3666 755

1004 3675 1098 3726 Bonum
1110 3690 1159 3726 non
1172 3685 1221 3727 tam
1236 3676 1389 3739 cogitandum
1401 3688 1473 3738 quarn
1486 3676 1682 3738 exsequendum,
1696 3676 1715 3734 1,
1729 3678 1768 3728 79.

973 3738 1039 3788 Boua
1050 3752 1096 3789 tion
1108 3745 1207 3799 pomum
1216 3739 1294 3788 rideri
1306 3750 1364 3786 uere
1374 3737 1437 3786 bona
1448 3751 1461 3786 7
1473 3737 1661 3799 nuhlsjullmri,
1672 3740 1717 3788 nisi
1728 3753 1771 3790 777-

975 3807 1097 3861 petantur,
1107 3799 1163 3851 797.
1175 3801 1267 3850 Bonum
1280 3799 1361 3849 sciens
1372 3799 1444 3848 homo
1455 3805 1575 3862 quomodo
1589 3799 1707 3863 perticere
1721 3815 1769 3850 mm

973 3861 1062 3920 ualeat,
1072 3863 1128 3911 lit.
1139 3860 1198 3912 Boni
1211 3863 1311 3924 gratuiti
1321 3862 1472 3924 dispensatio
1484 3863 1514 3910 sit
1527 3862 1642 3922 gratuita.
1723 3863 1770 3914 6179

1005 3924 1105 3975 Bonitas
1124 3924 1233 3987 perlecta
1250 3930 1287 3973 est
1299 3961 1306 3978 ,
1318 3936 1373 3984 oute
1384 3923 1579 3973 demutationem
1590 3924 1678 3980 nescit,
1690 3920 1710 3985 i,
1722 3926 1768 3987 tl&

973 3985 1027 4036 haec
1037 3984 1082 4039 soil
1097 3984 1150 4034 lieu
1161 3987 1291 4042 conuenit,
1304 3982 1362 4036 itia.
1376 3986 1475 4034 Bonitas
1486 3983 1595 4046 perlecta
1605 3986 1631 4034 iu
1641 3987 1701 4033 recti
1714 4002 1770 4034 ctu·-

973 4048 1010 4097 dis
1017 4047 1127 4099 consistit
1135 4047 1233 4104 allecto,
1240 4046 1295 4099 756.
1308 4046 1429 4098 Bonitatis
1439 4051 1536 4095 uottunc
1546 4046 1653 4096 alistiuct
1660 4044 1771 4098 Christus

974 4108 1097 4172 71177177,
1110 4110 1165 4161 779.
1178 4110 1216 4159 An
1226 4122 1297 4158 neuin
1309 4109 1397 4169 bonus,
1411 4121 1458 4156 non
1471 4107 1544 4166 Abel,
1557 4120 1603 4157 non
1616 4107 1695 4171 Seth,
1709 4117 1757 4160 ete.

972 4171 1012 4224 97.
1026 4172 1108 4222 Bonus
1121 4172 1251 4234 esthemo,
1262 4184 1316 4221 cum
1327 4171 1393 4221 beue
1407 4170 1511 4220 7717777
1523 4171 1582 4228 apii.
1604 4231 1608 4243 ι
1739 4150 1771 4223 itti

1005 4234 1079 4284 Bonae
1091 4235 1210 4285 voluntati
1221 4234 1340 4283 condonat
1351 4233 1419 4283 Deus
1431 4232 1512 4294 lapsus
1524 4231 1685 4291 lntlrmttatts,
1699 4231 1718 4289 l,
1729 4235 1770 4296 99,

972 4295 1028 4347 997.
1041 4297 1191 4346 Probitatem
1206 4293 1260 4357 eius
1294 4295 1316 4342 ni
1336 4295 1382 4345 Dei
1395 4293 1445 4355 legi
1455 4295 1609 4356 obsequitur,
1623 4293 1770 4348 lillcirtisde

973 4371 1001 4407 se
1014 4359 1101 4420 pirobra
1114 4372 1161 4407 nun
1174 4358 1275 4417 laedunt,
1304 4356 1342 4407 91.
1355 4355 1494 4407 Bonitateni
1506 4359 1530 4407 in
1544 4370 1588 4406 nus
1598 4357 1768 4408 ntiiaersonim

973 4427 1097 4483 optantes,
1119 4421 1175 4471 boni
1196 4421 1309 4470 omnibus
1328 4422 1403 4469 simus
1432 4418 1489 4472 697.
1509 4419 1629 4469 Boniialis
1644 4431 1704 4468 usus
1723 4434 1771 4472 non

973 4483 1094 4595 praebenti
1107 4479 1209 4546 prolicit,
1221 4480 1266 4532 scd
1278 4485 1373 4546 utenti,
1387 4457 1427 4532 59.
1439 4481 1577 4532 9077777777
1590 4492 1637 4530 707
1649 4489 1770 4543 nutantes,

1015 4543 1095 4596 nendo
1106 4543 1322 4595 solentsimulare.
1687 4602 1698 4653 I
1722 4545 1771 4657 ἦ

1625 955 1646 1019 l,
1656 955 1712 1016 571,
1724 965 1773 1011 not.

1006 2935 1098 2985 Binien.

1003 4613 1346 4778 9999917ᾝί9ῐ997ξ787197399ΐω
1358 4616 1456 4669 pecora·
1550 4663 1573 4728 i,
1584 4664 1622 4727 59,
1637 4663 1709 4721 iniit..
1721 4674 1768 4720 701.

1003 4731 1077 4802 97777
1088 4733 1112 4778 77
1148 4729 1217 4778 need.
1234 4792 1239 4803 .
1396 4789 1401 4799 ·
1513 4784 1518 4800 ο
1678 4725 1710 4788 11,
1722 4728 1770 4780 tiis

1003 4791 1117 4842 97777777
1133 4803 1254 4840 sermonis
1269 4801 1335 4853 saepe
1354 4788 1414 4839 ialht
1427 4793 1453 4840 et
1464 4784 1593 4838 andteiites
1605 4796 1630 4840 ot
1641 4789 1769 4904 d⁰fff¹¹ffi⁸5

972 4889 1769 5040 ,7777777771777777771777

1002 5039 1449 5174 99999707771177170771077777777.
1675 5035 1770 5157 119999

1002 5162 1094 5226 Bythos
1104 5161 1241 5212 1177777777.
1679 5157 1713 5223 tl,
1726 5163 1769 5223 157

1003 5411 1103 5473 cainiti.
1674 5408 1708 5467 il.
1722 5411 1769 5471 668

1003 5475 1150 5526 Catamitus
1160 5472 1310 5536 Spoletinus.
1653 5471 1698 5533 lt,
1712 5475 1768 5538 676.

1002 5534 1094 5588 Caelum
1105 5541 1225 5586 contuens
1243 5533 1324 5585 Deum
1341 5546 1396 5588 esse
1414 5546 1488 5585 nemo
1498 5538 1546 5584 non
1556 5535 1665 5596 mittini,
1677 5534 1697 5593 l.
1714 5533 1768 5595 199.

972 5597 1027 5649 llo.
1038 5598 1130 5650 Casium
1141 5612 1185 5648 cur
1199 5594 1321 5646 noniiuliis
1331 5594 1409 5656 Deus,
1422 5595 1467 5646 197
1478 5611 1483 5622 ·
1495 5597 1560 5647 utide
1573 5594 1715 5649 admirabile
1725 5597 1768 5663 sii,

971 5663 1026 5714 958.
1046 5661 1104 5713 Caeli
1117 5662 1260 5724 preparatio
1273 5660 1413 5723 inquesita
1425 5662 1458 5723 sit
1474 5635 1507 5720 il,
1531 5660 1586 5711 155.
1600 5660 1658 5712 Caeii
1669 5659 1769 5723 firmitas

971 5724 1195 5799 indemutalabiiis,
1215 5719 1235 5791 1,
1257 5722 1311 5775 too
1334 5720 1454 5775 6771077777
1475 5731 1501 5775 77
1518 5723 1610 5839 7777717
1619 5725 1770 5792 silentii&

971 5790 1029 5855 Caeli
1048 5784 1227 5859 rationabiliter
1245 5798 1259 5838 7
1274 5783 1330 5840 970
1347 5784 1496 5853 temperati,
1514 5785 1569 5852 541.
1610 5784 1766 5865 iurassent,

1718 287 1773 343 iso
1852 283 1855 289 '

1724 896 1773 946 596
1874 907 1877 914 ’

1621 2131 1642 2193 7,
1656 2131 1711 2190 584,
1723 2141 1773 2185 not.
1836 2156 1842 2165 .
