3884 6136
133 193 187 251 715·
744 183 867 242 sartori
886 183 1019 246 lllttml
1037 187 1192 255 setsctltu
1736 190 1787 251 ili

135 317 166 372 tit
192 311 321 371 Liberius.
337 338 373 354 ·-
394 307 539 381 lmperitiaa
561 306 669 378 culpam
683 305 825 364 oblitterat
838 308 936 379 resipi·
948 325 977 391 g
987 312 1048 370 lere
1061 321 1088 370 ct
1100 314 1244 371 remissum
1260 310 1379 377 ridetur,
1393 318 1540 383 recuperet
1553 308 1581 367 td
1597 307 1729 383 quodper
1741 324 1786 367 at·

134 423 225 466 scens.
240 406 394 464 llocautcm
409 403 443 458 de
454 394 603 473 scripturis
611 402 712 456 sanctis
726 400 870 458 advertere
882 406 936 458 cst.
988 408 1081 463 sustam
1092 407 1224 464 rectitatis
1243 406 1381 461 amiserat.
1395 404 1496 461 Verum
1510 404 1535 460 si
1548 403 1649 476 aliquis
1662 410 1719 459 tam
1731 410 1789 459 atrr-

136 500 269 557 Pictatem
289 496 323 552 ad
337 493 427 551 omnia
443 492 537 549 utilem
555 507 617 548 esse
639 491 777 564 legimus,
800 494 844 549 cni
865 492 938 550 cedit
987 500 1049 557 lide
1058 500 1168 568 mentis,
1183 500 1254 574 quod
1268 499 1340 556 haud
1352 498 1436 559 eredo
1452 540 1459 568 ,
1480 498 1563 557 luerit
1576 499 1725 563 irrentus,
1743 496 1788 568 qul

137 591 286 665 corporalis
297 587 466 653 exercitatio,
481 587 607 659 quamuis
621 585 720 657 etipsa
736 585 861 644 utilitatis
872 585 938 643 retl-
988 605 1041 648 non
1055 593 1143 649 solum
1156 592 1223 650 nolit
1245 592 1368 650 converti
1381 592 1534 649 antidotum
1557 588 1696 661 recipient
1716 588 1791 646 saal·

137 684 329 743 reattractus:
344 695 424 752 quam
437 679 594 736 sectandam
606 678 939 736 nobisetiamratiotcm·
987 686 1065 751 tatis;
1090 685 1126 759 (a)
1140 701 1275 743 uenenum
1296 686 1425 755 virusque
1447 685 1548 741 noxius
1566 698 1628 741 sese
1652 682 1793 739 sindicus

138 780 211 852 paris
225 774 368 848 praesentis
386 773 519 844 exposcit.
532 770 571 844 (a)
582 772 639 828 lion
651 772 724 827 enim
737 771 760 828 si
770 770 855 842 aliqui
865 771 938 828 farto
987 776 1152 836 crediderit:
1176 786 1204 835 et
1219 779 1326 836 ratione
1340 777 1485 847 vincetur,
1499 784 1527 835 et
1541 774 1649 833 aretari
1669 773 1792 847 pertidia

135 869 246 944 quilroc
270 866 350 925 studii
366 873 484 939 gerunt,
505 865 612 922 ratione
637 864 773 936 provisam
796 864 938 921 destruere
988 870 1402 943 prdttedeprnaturfflcctesia
1413 867 1792 942 mtbolicaespiritallrigore

134 962 307 1035 impudenter
332 958 441 1016 saeviori
467 970 603 1026 cettsura;
625 957 679 1013 troc
695 958 890 1014 aestimaverint
909 965 939 1015 ei
989 966 1133 1036 plectetur.

136 1069 249 1122 notare,
264 1052 335 1125 quod
347 1054 404 1122 jarn
419 1050 787 1125 crapostolicaauctoritatc
802 1050 937 1108 nrunitum

137 1156 180 1203 est
192 1148 226 1203 de
239 1145 350 1218 pictate,
366 1159 428 1200 carn
444 1143 544 1199 dictum
561 1151 613 1210 est,
630 1159 685 1199 uon
697 1158 759 1200 csse
770 1143 936 1215 parcendum

135 1239 179 1296 iris
198 1240 243 1310 qui
256 1238 327 1310 apud
353 1237 507 1294 Ariminum
521 1237 679 1308 ignorantes
693 1246 808 1309 egerunt
819 1280 827 1304 ‚
839 1238 939 1311 quibus
989 1234 1178 1293 Dilectissimis
1191 1236 1321 1294 iratribus
1335 1253 1383 1308 per
1396 1236 1534 1310 illyricum
1554 1237 1636 1294 fidem
1650 1244 1789 1309 paternam

137 1331 242 1389 nescire
252 1331 397 1397 inlicitum,
410 1330 459 1385 luit
471 1331 674 1401 captumerrori
690 1330 822 1395 incidere,
836 1331 938 1388 idcirco
1025 1332 1233 1399 retinentibus,
1260 1332 1380 1405 episcopi
1406 1332 1490 1388 ltaliae
1516 1332 1543 1388 in
1568 1330 1686 1387 Domino
1712 1336 1789 1386 aeter·

137 1424 239 1479 ueritas
259 1423 413 1496 repedanda
425 1430 476 1479 cst.
494 1423 548 1479 Sed
561 1422 638 1490 milri,
655 1423 698 1478 eui
709 1423 836 1479 conuenit
847 1424 938 1482 omnia
1026 1438 1087 1478 nam
1098 1422 1213 1481 salutem

136 1514 278 1573 moderate
291 1515 482 1587 perpendere,
497 1515 615 1573 maxime
630 1530 691 1570 curn
707 1523 734 1571 et
746 1513 867 1586 AEgyptii
880 1531 940 1572 om·
1026 1517 1052 1571 3.
1075 1514 1138 1571 ltuli
1157 1516 1266 1572 Arimini
1287 1515 1389 1573 statutis
1402 1518 1519 1573 rescissis
1542 1514 1660 1573 Nieeeate
1682 1515 1745 1587 fidei
1764 1531 1789 1570 te

138 1623 186 1663 nes
210 1618 239 1664 et
263 1609 300 1679 lb)
324 1607 419 1663 Aciriti
444 1609 564 1663 accusati
590 1607 753 1663 sententiam
778 1617 940 1678 receperunt
990 1610 1110 1665 reddunt.
1127 1640 1162 1653 -
1178 1611 1264 1666 liirini
1280 1612 1499 1682 munerisgratia
1515 1610 1575 1685 (p),
1593 1620 1621 1668 ιι
1642 1607 1791 1668 secundum

136 1699 239 1767 struitis,
251 1699 417 1773 parcendum
430 1698 538 1770 quidem
553 1698 596 1755 bis
610 1698 755 1770 dequibus
769 1715 851 1771 snpra
868 1713 938 1757 trac·
954 1728 979 1791 B
991 1701 1150 1771 Apostolum
1166 1716 1262 1758 omncs
1275 1718 1358 1759 utrum
1379 1716 1475 1774 sapere
1491 1744 1499 1769 ,
1520 1716 1617 1759 omncs
1630 1717 1717 1757 namn
1730 1715 1793 1757 cort·

141 1793 269 1861 tarimns,
283 1802 408 1849 unctores
422 1808 562 1850 verocsse
583 1792 762 1859 damnandas,
774 1794 819 1864 qui
831 1793 940 1866 obliqua
997 1797 1066 1853 litori
1093 1796 1268 1867 eoeperimus.
1293 1796 1329 1852 Et
1346 1806 1478 1867 quantum
1500 1795 1533 1851 ed
1556 1793 1663 1851 ltaliam
1684 1791 1792 1863 quidem

137 1896 165 1945 et
178 1888 293 1960 maligna
320 1888 401 1962 703
422 1888 573 1944 subtilitate
588 1897 617 1945 ct
630 1889 748 1959 caligine
769 1888 942 1946 offenderunt
992 1889 1119 1960 pertinet,
1131 1903 1193 1944 cnm
1208 1888 1270 1945 lidci
1286 1900 1427 1959 paternae,
1453 1888 1505 1944 lroc
1519 1896 1572 1956 est,
1588 1887 1661 1959 apud
1671 1886 1790 1944 Nicoeam

138 1983 322 2040 innocentiam
338 1998 455 2050 sensus,
477 1997 598 2055 perque
622 1981 747 2038 velamen
774 1981 940 2040 obducerent
993 1983 1101 2050 scriptae
1114 1995 1144 2037 so
1158 1979 1296 2049 reddidit,
1312 1979 1527 2054 imudemquam
1554 1995 1635 2052 passa
1659 1990 1703 2037 est
1725 1977 1796 2051 apnd

135 2078 254 2146 raritati,
272 2078 400 2135 tenebras
414 2076 501 2133 lucem
519 2116 527 2142 ‚
552 2085 580 2134 ct
599 2077 688 2134 lucem
707 2076 834 2134 tenebras
847 2075 941 2136 randi·
993 2075 1145 2130 llrlrninam
1159 2088 1375 2146 recognoscens:
1393 2075 1532 2147 illyricum
1546 2074 1628 2130 etism
1639 2071 1728 2130 licam
1741 2072 1798 2129 elo·

138 2180 237 2229 tantos.
992 2168 1077 2225 menti
1092 2179 1159 2224 autu
1172 2170 1328 2240 respexisse
1342 2166 1512 2242 gaadcmnu
1535 2178 1564 2223 at
1576 2164 1718 2224 consortio
1738 2165 1798 2222 istd·

172 2268 201 2322 i.
216 2266 273 2333 Quo
286 2274 360 2337 paeto
381 2267 507 2337 ignoscat.
532 2264 615 2336 lgitur
637 2263 732 2334 siquis
758 2262 938 2335 ignorationis
991 2261 1119 2328 deliratis,
1132 2278 1186 2332 quo
1199 2262 1381 2333 gravabatur,
1394 2261 1511 2334 abjecto,
1522 2258 1605 2334 704
1615 2275 1647 2317 ιι
1660 2274 1722 2331 queo
1735 2262 1800 2315 sunt

137 2370 246 2434 captum
272 2360 437 2431 resipiscens
463 2358 598 2415 sermonis
625 2366 726 2414 nostrae
752 2357 939 2415 advocationis
991 2365 1074 2413 rectae
1094 2358 1235 2413 sententiae
1253 2357 1369 2428 probare
1394 2357 1512 2429 caepisse
1525 2355 1705 2428 gratulamur.
1728 2353 1796 2411 lior·

139 2455 177 2528 (e)
192 2454 355 2512 brevissima
379 2453 445 2509 illud
468 2455 543 2509 virus
563 2454 591 2509 in
616 2467 646 2509 se
670 2451 830 2524 pestiferum
846 2452 940 2510 brianl
992 2458 1062 2503 tram
1078 2448 1168 2520 igitur,
1184 2448 1355 2513 dilectissimi
1375 2448 1508 2515 Fratres,
1522 2462 1605 2503 unam
1619 2445 1799 2518 eamdemque

138 2549 273 2621 dogmatis
296 2547 441 2604 subdolum
457 2561 489 2602 ac
504 2547 677 2603 tenebrosum
691 2547 778 2602 iuerat
796 2554 938 2617 expertus,
992 2542 1106 2613 aecipite
1132 2541 1238 2597 demam
1265 2541 1468 2612 subscriptione
1490 2539 1669 2597 sententiam.
1697 2536 1800 2595 diasat

138 2653 279 2716 reparatus
292 2644 450 2707 extruas-iam
464 2640 641 2706 condemnet,
655 2638 899 2711 vehementiusque
913 2640 941 2697 in
994 2643 1124 2691 tractatus
1136 2634 1268 2691 adrcrsna
1281 2633 1374 2690 Arium
1391 2633 1596 2705 sabelliumque
1610 2673 1618 2700 ,
1633 2631 1715 2703 cnjus
1729 2630 1801 2687 Pbo-

138 2745 264 2793 auctores
278 2734 337 2805 cius
350 2734 485 2802 insaeviat,
496 2748 565 2805 quos
575 2734 603 2789 in
616 2749 646 2790 sc
659 2733 795 2790 violentos
814 2740 944 2804 expertus
994 2731 1067 2787 tinas
1083 2730 1210 2801 partiaria
1225 2728 1382 2786 ltaemditata
1395 2729 1540 2785 damnatur
1554 2768 1563 2794 ,
1585 2727 1696 2783 decreta
1709 2737 1801 2782 serra·

139 2840 201 2899 cst,
218 2838 359 2901 totumque
373 2844 403 2885 se
416 2827 479 2884 iudei
493 2827 652 2899 apostolieae
663 2836 690 2884 et
704 2826 846 2885 catbolicse
857 2842 943 2900 usqae
995 2808 1065 2879 raus.
1080 2822 1260 2878 drimirrensis
1274 2821 1381 2878 concilii
1395 2828 1496 2876 strrtuta
1511 2816 1692 2891 quorumdam
1717 2815 1802 2889 tergi»

140 2923 174 2980 ad
186 2923 302 2980 Nicaeam
322 2920 419 2994 synodi
445 2919 486 2993 (d)
502 2929 665 2976 conventum
681 2919 716 2975 de
738 2922 843 2991 integro
867 2932 944 2975 man·
994 2916 1150 2972 versatione
1163 2921 1316 2986 corrupta,
1337 2928 1474 2970 consensu
1501 2910 1623 2969 omnium
1649 2911 1803 2980 prastasia-

139 3017 222 3099 cipct.
244 3014 297 3071 Per
311 3029 392 3086 quam
412 3012 625 3084 professionem,
649 3012 757 3069 etiamsi
780 3010 942 3083 quibusdam
995 3024 1056 3065 runt
1072 3008 1154 3079 ,jure
1169 3006 1367 3073 rescindimus;
1383 3021 1499 3079 quorum
1526 3004 1608 3062 ctiam
1635 3003 1809 3076 exemplaria

1010 1113 1074 1155 meu
1088 1104 1233 1156 essartare
1246 1097 1287 1173 (i)
1301 1112 1440 1156 sorssors
1457 1112 1642 1158 aarscoeoaau
1660 1110 1774 1154 tracte.

141 3172 209 3230 ordo
221 3180 373 3244 gestarum:
391 3174 421 3223 ut
433 3166 544 3240 synodis
556 3164 672 3235 primum
686 3164 858 3223 alexandriae
871 3165 979 3230 aanoG
994 3175 1037 3223 set
1051 3167 1189 3222 construi:
1203 3164 1288 3239 igitur
1303 3163 1325 3219 si
1339 3162 1397 3234 quis
1412 3162 1479 3218 iliad
1493 3160 1564 3217 obus
1576 3162 1604 3219 in
1613 3177 1643 3218 se
1651 3160 1802 3235 pestiferam

142 3246 207 3308 aba,
218 3259 250 3299 ac
262 3241 361 3299 deinde
375 3241 402 3295 in
418 3238 517 3294 dclraia
529 3238 685 3302 celebratis,
701 3236 773 3307 quod
786 3237 813 3292 in
827 3237 881 3294 illis
894 3238 942 3294 dc·
997 3239 1089 3293 Ariani
1099 3239 1131 3291 da
1150 3239 1226 3292 matis
1244 3235 1382 3292 subdolam
1396 3252 1427 3291 ac
1441 3234 1597 3290 latebrosum
1611 3234 1700 3305 [uerat
1712 3246 1802 3307 eaper-

141 3326 246 3373 cretnm
255 3324 306 3378 est,
316 3312 455 3366 Rosulanus
463 3308 584 3379 prrntilex
595 3307 781 3374 confirmarit;
793 3308 865 3379 quad
876 3324 941 3366 rcro
997 3318 1057 3375 tas,·
1075 3254 1149 3365 illue?
1154 3311 1209 3379 jam
1219 3351 1227 3377 ,
1239 3306 1364 3363 sermonis
1381 3305 1465 3362 nostri
1479 3304 1659 3360 adhortatione
1671 3302 1802 3360 mairam

142 3387 189 3444 illc
201 3384 378 3447 confirmarit,
395 3380 477 3452 aliqui
494 3380 551 3453 (qui
569 3380 621 3435 nisi
643 3378 826 3435 Lrteilerianii
842 3386 851 3451 l
869 3390 941 3436 tam·
995 3392 1143 3451 reparatas,
1154 3380 1362 3451 eripuerationis
1374 3388 1480 3449 captum
1502 3377 1573 3447 (scu,
1586 3376 1619 3430 ab
1632 3376 1802 3449 ignomtioris

143 3472 225 3528 qnam
239 3455 321 3511 nimis
332 3452 414 3508 rnollo
430 3467 462 3508 ac
482 3451 625 3507 rearissum
640 3450 798 3507 rescindere
822 3461 943 3509 tentare·
996 3452 1087 3524 captu)
1101 3452 1271 3525 resipiscens,
1286 3450 1422 3507 exhauriat
1443 3459 1468 3504 et
1482 3448 1651 3516 condemner,
1665 3447 1801 3503 oriemu-

143 3531 214 3585 rint:
225 3540 338 3598 quornm
354 3538 387 3580 ne
397 3532 488 3595 serpat
502 3524 620 3578 selrisma
631 3536 663 3577 ae
673 3536 755 3593 praua
768 3523 872 3593 opinio,
884 3524 944 3580 lreec
997 3524 1107 3593 eiusque.
1123 3532 1177 3579 etc.

144 3614 252 3656 rnrsttm
271 3612 286 3651 a
303 3595 411 3652 libaria
433 3595 532 3666 scripta
555 3597 592 3649 sit
606 3594 718 3663 epistola
735 3634 743 3661 ‚
770 3609 831 3666 quae
847 3594 943 3652 subsc·
1034 3594 1075 3669 (d)
1088 3594 1150 3650 llaec
1165 3595 1334 3652 illustrantur
1345 3592 1407 3648 aliis
1423 3590 1526 3649 liberii
1548 3590 1640 3649 verbis
1653 3588 1727 3663 spart
1748 3590 1799 3648 So-

143 3672 236 3744 qnenti
250 3670 421 3725 occasionem
438 3666 544 3722 ridetur
556 3665 715 3735 praebuisse.
997 3677 1079 3734 crat,
1094 3666 1141 3722 lib.
1159 3682 1195 3733 rv,
1209 3682 1235 3723 ι.
1252 3665 1303 3720 li:
1324 3663 1397 3719 llam
1413 3675 1499 3719 autent
1521 3660 1676 3719 corbolicum
1691 3672 1716 3718 et
1790 3688 1801 3703 ·

182 3741 220 3813 ia)
236 3740 315 3798 blanc
328 3740 415 3795 locum
427 3738 472 3792 diu
486 3746 514 3793 ιι
526 3745 630 3793 attente
649 3738 794 3793 lustrantes
805 3742 886 3808 atque
898 3752 942 3794 re·
997 3738 1114 3792 rrrtr'ern
1122 3736 1200 3805 fidem
1211 3753 1265 3793 esse
1275 3737 1448 3809 apnoscimns,
1457 3750 1515 3806 pare
1525 3748 1604 3806 usque
1614 3730 1651 3789 ret
1661 3732 1749 3789 concii
1759 3744 1803 3789 att

145 3806 351 3885 cagrtnseentes,
366 3824 416 3866 nec
427 3823 481 3864 non
497 3824 559 3865 cum
575 3823 665 3864 rernm
679 3815 814 3878 gestarum
828 3810 942 3866 tristoria
998 3808 1137 3865 Niceenam
1151 3811 1251 3879 intepra
1261 3819 1286 3862 et
1298 3810 1452 3863 inconcussa
1465 3805 1620 3877 permansit.

146 3892 346 3955 comparantes,
358 3882 451 3952 paneis
466 3882 575 3936 rrrutatis
585 3879 762 3964 redintegrari
787 3896 868 3951 passe
880 3895 942 3950 per·
1036 3879 1072 3954 (e)
1089 3881 1179 3946 Forte,
1195 3895 1283 3935 uerrunt
1302 3881 1380 3934 etirnn
1393 3894 1518 3934 uenenum
1532 3880 1653 3949 uiresque
1673 3876 1761 3948 potita
1775 3888 1803 3931 ss

147 3958 283 4027 speximus
298 3959 324 4008 in
346 3954 417 4007 brrnc
437 3953 561 4007 modam:
579 3949 640 4005 Non
660 3968 727 4005 enam
741 3952 764 4006 si
778 3952 858 4023 aliqui
878 3953 946 4020 sorte
998 3969 1073 4022 posse
1084 3951 1216 4006 uindicare
1230 3949 1367 4006 crediderit
1382 3966 1391 4005 .·
1405 3960 1429 4005 ιι
1443 3951 1543 4005 ratione
1561 3946 1685 4015 masmar,
1702 3956 1727 4001 et
1738 3962 1801 4003 auc·

146 4037 217 4092 sunt,
228 4032 270 4096 qui
286 4026 334 4080 boe
346 4024 426 4080 studii
447 4033 538 4093 perant
552 4022 624 4092 (scil.
648 4026 731 4090 rcrn),
747 4024 846 4080 ratione
859 4022 945 4090 proni·
999 4024 1095 4079 toriius
1110 4022 1245 4093 perfidior,
1261 4031 1316 4078 etc.
1334 4021 1411 4076 lland
1431 4022 1510 4091 lange
1524 4019 1658 4077 absimilis
1680 4027 1725 4074 est
1739 4016 1801 4075 litis

149 4114 204 4153 som
215 4099 345 4152 destruere
359 4096 519 4167 impudenter
532 4094 632 4149 soeaiori
643 4109 751 4148 censura
759 4108 769 4159 ;
785 4099 833 4149 bae
854 4096 944 4151 cristi·
997 4096 1120 4164 epistola.
1135 4094 1256 4165 ejusdcm
1267 4092 1366 4149 Liberii
1380 4090 1565 4150 Orientalibus
1578 4090 1650 4148 datan
1666 4086 1739 4163 apttd
1750 4088 1802 4147 So·

150 4172 270 4223 rennuerint
283 4170 325 4240 (se
341 4169 430 4235 posse)
449 4175 615 4221 esaractonree
627 4165 697 4237 qnod
705 4167 765 4237 jam
786 4182 817 4222 ca
840 4174 946 4234 aposto·
998 4177 1099 4223 cratem
1114 4167 1160 4223 lib.
1174 4182 1210 4228 tr,
1224 4181 1249 4221 c.
1267 4164 1310 4219 li.

151 4240 200 4293 lica
216 4239 372 4294 auctoritate
391 4237 517 4290 nturritnm
531 4245 568 4291 est
578 4237 610 4290 de
628 4238 743 4304 pietate,
763 4238 946 4294 contendentes
1036 4240 1077 4308 (l)
1090 4238 1147 4293 ttorr
1163 4248 1205 4293 cst
1218 4233 1395 4307 disjtttrgenda
1410 4235 1469 4292 hare
1483 4234 1626 4306 epistolas
1646 4234 1803 4309 superiore,

150 4325 203 4364 reon
215 4325 269 4364 esse
282 4308 439 4381 parcendum
450 4308 489 4361 bis
503 4309 547 4375 qui
559 4306 629 4378 apnd
640 4307 784 4362 Ariminum
798 4312 946 4381 iquorantee
999 4310 1044 4365 cui
1059 4326 1119 4365 earn
1134 4312 1169 4363 ab
1183 4307 1285 4363 llilario
1298 4308 1418 4378 jttrrctam
1429 4320 1457 4363 et
1475 4308 1660 4363 cotttitutatam
1682 4322 1746 4365 esse
1760 4306 1804 4363 in⁴

152 4390 256 4453 eperunt
272 4384 332 4446 tsen
345 4419 352 4439 ,
366 4379 506 4448 errarent).
531 4378 629 4442 Quibus
652 4379 748 4431 arescire
769 4378 887 4434 sllicitum
905 4378 945 4453 (td
1000 4380 1072 4435 dicat
1090 4380 1219 4451 particula
1234 4380 1305 4433 itera.
1323 4378 1397 4434 lllarn
1413 4379 1534 4434 nonnulli
1550 4377 1680 4447 scriptam
1705 4386 1800 4451 patant

151 4462 204 4517 est,
218 4451 290 4520 tqrtod
304 4447 425 4504 illicitam
447 4460 515 4513 crat,
527 4448 594 4520 irae)
614 4447 662 4516 suit
676 4456 779 4515 captant
803 4450 866 4519 (bne
882 4460 945 4518 est,
1001 4453 1125 4523 proxirrre
1139 4461 1200 4520 past
1212 4451 1345 4524 illyricam
1360 4450 1493 4523 synodum
1513 4450 1576 4505 anni
1590 4448 1656 4506 565.
1681 4452 1717 4506 At
1736 4464 1804 4507 con·

151 4521 291 4592 laqueum)
302 4520 397 4574 erraris
416 4518 529 4573 incidere
538 4536 547 4585 ,·
570 4519 667 4571 idcirco
680 4520 798 4573 seueritas
814 4518 948 4591 (discipli-
1001 4526 1094 4577 remea
1110 4524 1181 4578 inter
1193 4538 1289 4577 trutines
1303 4521 1394 4590 debet,
1409 4520 1491 4577 Italos
1507 4537 1569 4576 cunt
1585 4520 1681 4577 llilaril
1696 4520 1802 4589 nostri,

153 4611 195 4649 nee
209 4593 260 4664 cis)
281 4591 443 4662 rependenda
466 4595 526 4646 esti
540 4590 592 4645 Sed
607 4590 688 4655 rnilri,
704 4592 745 4643 eui
760 4594 875 4645 errrruenit
889 4608 946 4646 ora-
958 4565 987 4626 D
1001 4607 1059 4649 turn
1076 4594 1183 4650 Eusebii
1205 4594 1386 4649 vercellensis
1401 4594 1569 4664 aliorumque
1581 4606 1684 4663 opera,
1703 4592 1807 4649 Arimi·

152 4669 196 4720 nia
219 4666 348 4719 moderate
371 4661 546 4731 perpendere,
567 4663 676 4715 nraainre
696 4678 754 4715 earn
778 4674 802 4716 et
823 4660 947 4735 AEpgptii
1003 4666 1096 4722 irensis
1108 4664 1215 4721 teortcilii
1240 4667 1349 4721 decreta
1373 4677 1435 4719 onte
1450 4679 1551 4719 atrrrum
1571 4664 1627 4720 bob
1645 4662 1802 4721 rescidisse.

153 4754 240 4792 orienes
253 4745 277 4790 et
288 4735 378 4789 Aciriui
389 4736 454 4787 iaaac
471 4736 584 4788 adunate
603 4734 754 4787 scrutantium
777 4746 918 4805 receperent
935 4778 943 4803 ,
1003 4739 1097 4808 Neque
1110 4753 1176 4793 vern
1190 4738 1224 4791 alr
1238 4738 1271 4791 ils
1286 4736 1458 4805 alrrugarniis,
1474 4735 1572 4805 quibus
1590 4736 1666 4791 inriti
1679 4736 1803 4807 decepti·

152 4812 233 4863 aisrrrn
244 4817 292 4872 est,
304 4808 459 4876 parcendam
470 4808 574 4877 quidem
586 4805 625 4857 tris
639 4805 670 4857 de
680 4806 771 4870 caetibus
785 4824 864 4874 secptra
878 4816 948 4861 trac·
1005 4827 1057 4879 qne
1071 4818 1276 4872 consenserant,
1289 4808 1335 4862 dia
1349 4806 1518 4877 multumque
1531 4806 1710 4865 alrlmrruere.
1725 4804 1804 4864 Unde

152 4880 270 4943 tneinrnt,
286 4881 331 4948 qni
346 4877 470 4932 rritnirarn
486 4894 565 4946 snpra
586 4876 649 4930 tlirti
671 4885 734 4931 strnt
749 4876 774 4930 in
791 4880 892 4934 erraris
907 4879 947 4933 ia-
1005 4880 1129 4936 Libcrins
1143 4878 1213 4949 apud
1227 4880 1366 4936 Socratem
1380 4878 1426 4932 trb.
1449 4894 1487 4943 tu,
1499 4893 1524 4932 e.
1541 4878 1585 4943 lt,
1599 4878 1633 4932 ad
1649 4878 1804 4935 orientales

153 4967 250 5020 qneunr
268 4951 303 5003 ita
320 4949 456 5017 prendisse,
473 4958 503 5004 nt
524 4950 605 5005 illaesa
632 4947 693 5003 ttdet
708 4949 872 5006 conscientia
887 4949 947 5007 ltae-
1005 4951 1146 5022 Lampsaci
1159 4960 1336 5021 crrngregatas
1348 4949 1465 5005 nondum
1478 4947 1566 5004 habita
1579 4947 1687 5023 Illyrica
1698 4948 1805 5023 synodo

151 5022 244 5078 reticis·
257 5022 436 5075 consenserit.
1006 5026 1132 5079 rescrrlrit
1144 5064 1151 5086 ,
1165 5040 1252 5078 ornnes
1266 5022 1436 5077 Ariminensit
1458 5021 1560 5075 concilii
1575 5019 1749 5087 btrsptenrtrrr
1771 5020 1804 5075 ai

189 5094 228 5164 (b)
256 5092 378 5159 llocjatn
411 5090 578 5159 interpretati
606 5104 700 5145 srnnus
726 5091 760 5148 de
787 5092 891 5164 synodo
917 5091 949 5148 ln
1004 5093 1140 5166 itlisipsis,
1156 5094 1273 5159 quiturrc
1292 5092 1470 5166 pergrandem
1493 5091 1593 5159 decepti
1616 5093 1700 5166 {uisse
1712 5089 1803 5147 ntea·

152 5165 254 5220 dolraia
280 5163 440 5235 paulopost
462 5161 668 5217 rtterrndrtnanr
692 5163 791 5218 liabita.
815 5164 841 5217 ln
863 5178 946 5235 qnam
1004 5178 1059 5232 erar,
1080 5164 1242 5220 anathemate
1255 5164 1391 5219 rtrrrrrrraras
1406 5180 1470 5229 esse,
1484 5172 1507 5217 et
1520 5162 1693 5219 universatim
1713 5161 1805 5218 Nico·

153 5237 264 5306 respicit
279 5234 452 5299 nrtranasirrs,
467 5248 528 5287 carn
545 5246 610 5287 totu.
627 5246 647 5286 tt
669 5247 695 5302 p.
712 5236 756 5298 to,
771 5252 785 5288 a
800 5235 948 5291 lirrlittiano
1005 5254 1065 5291 narn
1081 5237 1159 5307 fidene
1171 5235 1378 5306 conspirantibus
1387 5236 1479 5290 attinuit
1491 5235 1658 5291 consensisse.
1675 5233 1706 5291 Si
1719 5235 1804 5305 igliur

152 5308 303 5372 corrsnltus,
318 5305 424 5376 quidde
438 5305 479 5359 bis
493 5303 662 5363 sentiendum
677 5307 719 5373 qui
731 5308 877 5361 necessitate
886 5308 944 5379 qni·
1004 5306 1062 5363 itali
1087 5309 1264 5364 ariminensis·
1286 5307 1392 5362 cottcilii
1403 5316 1501 5362 statuto
1527 5318 1601 5362 nurto
1625 5305 1743 5373 primunr
1758 5304 1806 5363 ltin¹

154 5379 211 5431 rtem
224 5378 287 5443 acti,
298 5376 343 5431 aed
355 5392 407 5431 reon
417 5376 521 5431 ontnino
535 5374 701 5446 profligatio
711 5377 945 5445 fideaberrartunt;
1005 5378 1080 5435 irrita
1101 5381 1249 5446 declarant,
1265 5379 1315 5434 lroc
1328 5379 1362 5433 ad
1374 5392 1474 5434 annum
1489 5376 1543 5433 565
1556 5388 1602 5432 ιιι
1613 5375 1666 5433 stt
1681 5376 1807 5433 ranan*

152 5450 298 5519 resprnrdct
308 5448 413 5503 babilas
422 5449 452 5504 'ca
464 5447 498 5503 dc
512 5463 540 5502 re
554 5444 683 5518 synodos,
692 5449 809 5531 primurn
821 5452 942 5506 Alexan·
1002 5452 1068 5506 dam
1081 5468 1141 5507 esse
1156 5451 1259 5506 nnllam
1271 5451 1380 5505 dubium
1397 5458 1447 5505 est.
1459 5448 1542 5504 Furto
1559 5448 1642 5505 ctiam
1654 5448 1748 5505 satim
1762 5452 1807 5505 ιι·

150 5520 227 5583 dria,
242 5536 273 5576 ae
284 5521 382 5576 deinde
394 5520 429 5574 ab
442 5519 474 5575 iis
489 5518 535 5589 qui
549 5516 683 5575 Graeciam
696 5522 835 5588 tacolunt,
852 5530 905 5578 cte.
1004 5540 1057 5593 qne
1072 5528 1111 5578 cis
1124 5521 1226 5578 reddita
1239 5531 1280 5578 cst
1293 5519 1414 5592 superior
1436 5519 1535 5577 [riberii
1554 5518 1687 5592 epistola,
1702 5534 1806 5577 conro-

185 5589 221 5661 (ι)
232 5593 259 5646 ln
271 5591 413 5649 l‘itlraeano
426 5607 489 5659 ms,
502 5590 654 5646 benissimo:
665 5587 943 5663 iorteproienissinm.
1006 5595 1111 5649 triantes
1125 5596 1150 5647 irr
1171 5610 1252 5649 unum
1264 5593 1334 5648 barre
1349 5606 1456 5649 samaro
1471 5606 1606 5649 consensu
1620 5590 1803 5663 scripserunt.

153 5660 212 5716 linx
228 5666 253 5717 ia
268 5678 320 5718 ms.
338 5665 420 5727 Sirm,
438 5662 605 5730 latebrosum,
622 5674 675 5717 nott
691 5663 861 5721 tenebrosum.
876 5665 946 5721 (lra-
1043 5665 1080 5737 (p)
1096 5662 1215 5722 Verbum
1229 5673 1267 5720 est
1280 5663 1324 5721 bic
1337 5662 1444 5722 ridetur
1455 5661 1615 5729 desiderari,
1625 5672 1729 5723 uitem
1742 5676 1806 5736 ptr·

150 5735 188 5791 tio
199 5747 306 5791 eurtum
316 5734 361 5791 bic
371 5734 500 5807 perplexa
510 5744 537 5792 et
549 5733 705 5806 perturbata
715 5737 756 5794 sio
766 5737 865 5796 clarius
880 5750 944 5809 pos·
1004 5737 1088 5794 sicula
1101 5754 1159 5793 erent
1172 5736 1323 5795 redundare
1335 5744 1398 5794 aute
1408 5734 1469 5805 fidei
1482 5744 1605 5809 mennae.

958 5918 990 5929 a.
