3884 6136
114 200 154 260 ar
733 197 777 253 us
792 193 992 263 ιιιιιιιιιιι,
1007 171 1107 252 trusa
1127 194 1147 250 r.
1742 184 1779 251 ss

113 330 227 385 semper
243 313 325 369 lrrrrit
339 321 421 383 atque
436 312 471 369 sit
484 311 554 368 lilius
569 313 636 368 Dei:
657 327 691 368 ne
708 312 735 366 in
748 327 781 367 eo
799 311 925 367 nativitas
938 317 966 377 Α
978 307 1089 363 ntittisse
1109 314 1217 378 oportet
1232 315 1400 364 terrenarum
1417 305 1546 362 orontium
1563 306 1684 361 inllrmas
1701 315 1783 376 atque

114 411 164 465 Dei
180 411 227 475 sit,
241 408 288 463 setl
304 425 338 463 ex
352 404 447 462 eodem
464 407 536 463 idem
550 409 602 473 sit;
618 415 647 459 ιιι
662 407 740 461 nnius
756 400 820 470 bot,
835 415 864 459 ot
878 421 926 474 pu-

114 514 187 569 ernt,
198 501 384 558 inviolabilem
398 500 479 556 lideur
491 498 529 573 (a)
544 500 629 554 series
639 516 671 554 err
683 497 769 552 solido
780 498 805 553 in
816 513 924 554 carnem

113 593 233 650 deducta
255 601 419 657 conseruet,
443 591 507 646 dnm
531 589 670 661 usquead
693 589 823 660 uirginem
848 589 927 645 Pater

114 696 279 756 protensus,
295 685 355 756 ipse
366 685 418 738 sibi
432 693 511 739 uatus
529 684 580 756 13
591 686 626 738 sit
638 681 664 738 in
681 683 776 738 liliuru.
797 682 849 737 Alli
861 698 927 739 reto

115 777 197 848 (quia
218 775 294 831 salas
316 776 390 830 nulla
410 775 470 830 sine
485 774 596 829 Christo
610 774 659 841 sit,
682 775 726 844 qui
747 775 772 828 in
794 774 927 844 prim-ipio

113 870 189 939 apud
203 871 288 925 llenm
302 882 359 923 erat
373 869 443 922 [lens
453 867 594 937 Verbum),
606 868 772 922 nativitatem
785 874 923 937 negarrtcs,

115 967 284 1020 creationem
300 963 386 1018 solam
402 962 518 1033 professi
534 971 598 1015 sunt
613 979 619 1013 :
637 978 671 1015 tre
686 961 812 1015 rtatitilas
829 959 928 1013 verita·

114 1065 175 1111 tent
192 1055 238 1110 liei
254 1053 423 1119 admitteret,
439 1052 476 1126 (l)
501 1052 550 1107 sed
565 1054 668 1108 creatio
683 1052 827 1107 falsitatem
843 1051 925 1106 doee-

115 1155 177 1213 ret,
198 1164 258 1217 quae
272 1146 336 1201 duttt
352 1147 533 1201 ementiretur
554 1144 581 1201 ιιι
600 1161 700 1215 genere
719 1143 756 1218 (c)
782 1144 828 1199 bel
847 1144 927 1200 unius

115 1240 213 1306 lident,
228 1254 282 1294 non
295 1236 489 1295 excinderetln
500 1249 687 1292 sacramento:
698 1237 745 1291 sed
758 1235 926 1291 nativitatem

115 1348 212 1387 reram
228 1330 333 1385 trontini
353 1345 383 1386 se
397 1329 459 1385 lidei
475 1331 621 1386 creationis
643 1330 682 1400 (d)
703 1329 895 1399 subjicientes,
911 1343 927 1384 a

115 1428 240 1480 veritate
252 1426 328 1479 rmius
340 1423 388 1479 bet
402 1425 581 1494 separabilem
595 1440 656 1479 eum
666 1423 798 1488 laeraent,
807 1433 836 1478 ut
851 1437 928 1479 crea-

116 1519 160 1572 tio
176 1517 391 1582 substitutionis,
415 1517 609 1586 perlectionem
629 1517 679 1571 sibi
702 1516 849 1572 divinitatis
871 1530 925 1572 non

118 1619 275 1678 usrrrparet,
290 1625 369 1680 quam
385 1609 508 1665 veritatis
522 1611 647 1666 tratiritas
658 1624 711 1665 non
727 1609 856 1665 dedisset.

159 1787 205 1841 ιι.
221 1786 298 1842 Fides
309 1804 365 1842 aera
379 1797 469 1842 corrtro
483 1796 616 1859 utromque
630 1799 682 1844 toto
693 1791 741 1843 lroc
752 1805 830 1860 opere
843 1788 924 1844 stabi-

17 1886 25 1899 ·
118 1885 217 1938 lierrtln.
246 1913 282 1923 —
299 1883 400 1939 llururu
425 1884 508 1954 igitur
530 1883 616 1939 lurori
632 1885 797 1953 respondere
818 1884 925 1940 animus

119 1979 240 2033 exarsit:
252 1977 377 2033 recolens
391 1976 441 2033 lroe
452 1978 495 2033 rel
508 1979 642 2048 praecipue
657 1976 708 2032 sibi
719 1979 838 2032 satutare
851 1991 925 2044 esse,

120 2088 179 2127 non
192 2073 276 2128 solunt
291 2070 318 2126 in
335 2072 418 2127 Deam
446 2071 607 2136 credidisse,
623 2071 669 2126 sed
689 2071 770 2126 etiam
799 2072 825 2126 in
841 2070 925 2125 ileum

121 2176 245 2236 patreur;
261 2180 350 2236 neque
371 2166 397 2220 in
417 2164 527 2220 Cbristo
543 2172 646 2220 totunm
670 2178 805 2234 sperasse,
830 2163 876 2219 sed
900 2164 927 2218 in

121 2260 231 2314 Cirristo
248 2259 293 2314 Dei
321 2258 393 2326 lilio;
417 2273 505 2328 neque
531 2259 556 2312 in
582 2267 716 2325 creatum,
744 2256 791 2312 sed
816 2256 843 2311 itt
872 2257 928 2311 Deo

121 2365 247 2407 creatore
259 2367 294 2407 ex
309 2351 365 2406 lieo
383 2359 459 2405 nato.
476 2350 589 2406 liarirne
609 2365 674 2421 ergo
698 2364 874 2419 properamus
895 2363 929 2405 ex

123 2444 290 2516 propheticis
321 2455 401 2514 atque
429 2445 592 2515 euangelicis
620 2445 761 2515 praeconiis
789 2444 928 2499 vesaniam

123 2554 220 2593 eornm
241 2539 477 2608 ignorantiamque
500 2537 677 2603 cotrlnntlere,
704 2536 749 2607 qni
776 2537 825 2593 sub
850 2537 930 2592 nnius

125 2630 183 2695 liei,
208 2631 266 2685 sola
291 2646 358 2686 sane
379 2631 437 2685 ntill
456 2646 488 2687 ae
514 2630 639 2701 religiosa
655 2630 857 2700 praedicatione,
883 2641 931 2685 ant

127 2725 211 2780 beorn
224 2735 316 2779 natum
332 2723 471 2779 Christum
485 2732 593 2794 negant,
609 2732 655 2779 aut
669 2739 763 2779 verant
779 2724 860 2778 [leuat
877 2740 930 2780 non

124 2832 187 2872 ese
200 2816 384 2881 contentane
408 2824 438 2871 ut
457 2817 560 2873 creatio
580 2815 699 2888 potentis
713 2825 845 2871 creatura
860 2815 930 2870 intra

125 2910 304 2964 nnnmllertru
318 2909 379 2963 lrdei
395 2919 593 2964 sacramentum
611 2909 762 2977 relinquat3
777 2907 838 2977 quia
860 2908 932 2961 uati·

127 3006 199 3058 ritas
223 3005 269 3058 liei
288 3013 365 3059 extra
384 3003 465 3058 unius
482 3003 528 3058 llei
544 3001 624 3058 tidem
648 3002 805 3072 religionem
826 3006 933 3071 protra-

128 3097 224 3167 lratqr)
236 3097 423 3152 conlitentrtm.
442 3095 494 3152 Sed
518 3111 568 3150 nos
589 3095 678 3151 edocti
698 3094 825 3149 divinitus
843 3108 968 3182 neqneC

124 3189 198 3243 datos
213 3187 440 3257 deospradicare
460 3202 548 3258 neque
570 3187 669 3252 solnnr,
695 3185 763 3240 itanc
783 3184 932 3255 evangelici

126 3298 158 3336 ao
173 3279 327 3351 proptretiei
342 3280 468 3348 praeonii
484 3280 617 3333 rationem
642 3280 667 3332 in
690 3277 862 3332 eotriessioue
883 3276 931 3331 bet

126 3376 215 3445 patris
226 3385 254 3429 et
265 3374 313 3429 bet
325 3375 371 3429 liiii
386 3373 419 3446 (sl
436 3373 595 3438 afferentur,
610 3383 639 3427 ut
653 3389 736 3428 ttnunt
758 3373 784 3427 itt
800 3373 853 3427 lide
868 3387 932 3428 nos·

126 3469 372 3539 assisteremus,
393 3483 447 3523 non
471 3483 540 3522 nnus
555 3485 562 3520 :
580 3466 803 3538 nequeenmdetu
825 3478 932 3522 utrum·

125 3578 193 3632 qne,
211 3576 299 3632 neque
313 3562 383 3617 inter
393 3576 486 3616 terrun
500 3576 532 3616 oe
546 3560 642 3615 laisum
657 3559 728 3615 aliud
749 3560 932 3627 eortlltentes3

128 3655 193 3723 quia
212 3656 267 3709 beo
280 3668 314 3708 ex
329 3654 385 3708 lieo
400 3662 473 3718 nato,
489 3668 576 3721 neque
589 3653 713 3707 eumdem
726 3651 852 3707 natiuitas
872 3667 935 3722 per·

130 3747 214 3801 mittit
227 3760 296 3808 esse,
315 3762 404 3817 neque
417 3746 500 3802 aliud.

167 3841 213 3894 18.
232 3839 335 3894 lectori
360 3840 424 3910 tides
447 3840 601 3894 necessario.
623 3869 659 3879 ·-
673 3839 707 3894 Et
730 3854 779 3896 ros
807 3840 933 3908 quidem,

128 3947 198 4001 quus
210 3931 272 3988 lidei
286 3932 362 3987 calor
373 3941 402 3987 et
413 3931 453 4004 (pl
466 3933 594 4002 ignoratae
608 3931 709 3987 mundo
720 3945 751 3985 ao
765 3932 933 4000 sapientibus

130 4023 228 4079 rrrtrndi
243 4023 366 4080 ueritatis
383 4022 503 4079 studium
523 4024 556 4079 ati
577 4023 719 4094 legendum
734 4023 853 4089 vocarit,
874 4037 935 4079 tue·

165 4225 207 4297 ιιι)
222 4224 251 4282 ln
266 4223 427 4281 Proteilensi
444 4239 494 4280 ms.
511 4226 589 4280 series
603 4224 728 4280 essolido
744 4223 805 4291 lico,
825 4234 852 4279 et
864 4238 937 4289 mox,

132 4297 216 4351 Pater
228 4297 320 4366 spiritu
332 4308 466 4368 protrusus
478 4315 484 4349 ι
501 4313 582 4352 voces
597 4295 652 4351 Deo
663 4308 689 4351 et
705 4296 805 4366 Spiritu
816 4313 849 4351 ex
866 4313 939 4352 rnat-

130 4373 194 4434 gine
207 4368 234 4422 io
244 4377 345 4422 testum
354 4368 423 4421 ltaud
435 4370 516 4424 dubie
526 4369 672 4423 translatae.
682 4366 731 4422 ilie
743 4384 848 4422 trusum
861 4369 938 4423 locus

131 4443 285 4495 rttustranrr
300 4439 474 4495 similttmline
490 4440 573 4502 solis,
599 4449 627 4493 ιιι
642 4439 869 4505 qtretrratiumdmn
894 4455 938 4494 ra-

131 4512 194 4566 tlnrs
206 4521 247 4565 est
256 4511 342 4565 series
352 4527 385 4566 et
394 4512 481 4565 solido
490 4513 555 4565 solis
565 4526 681 4581 corpore
691 4510 785 4564 educta
798 4511 824 4564 in
838 4521 935 4577 terras,

131 4587 169 4638 ita
196 4590 225 4638 et
249 4578 334 4636 Filius
356 4583 391 4638 sit
412 4583 497 4637 series
519 4582 614 4638 erltteta
629 4599 643 4635 a
659 4580 738 4637 Patre
754 4599 760 4634 :
777 4592 804 4636 ut
820 4583 892 4636 enim
908 4582 935 4635 in

978 399 1127 454 inritet-ilia»
1142 399 1282 469 opiniones
1298 413 1358 453 esse
1374 395 1559 466 altjicienrlas,
1574 408 1600 452 et
1618 413 1713 452 omnes
1730 397 1781 450 iut-

979 489 1105 561 periectat
1125 492 1270 544 sententiat
1294 489 1433 557 augrrstias
1458 490 1581 560 religiosa
1597 488 1718 543 discendi
1735 504 1783 543 ex·

978 583 1145 654 spectatione
1159 584 1299 639 lararrdes.
1323 581 1404 637 lintris
1418 585 1490 638 enirn
1510 585 1661 655 regenerati
1684 582 1785 654 ingenii

978 675 1103 730 sertsibus
1117 690 1186 745 opus
1198 685 1249 738 est,
1265 686 1294 731 ut
1315 690 1535 746 unumquemque
1551 677 1718 733 conscientia
1736 689 1785 732 sut

979 769 1127 822 secumlunt
1146 768 1267 823 etulestis
1288 767 1401 838 originis
1426 784 1522 824 munus
1546 769 1689 825 illuminet.
1706 770 1809 826 sno·-

979 859 1146 930 domitaque
1162 875 1210 929 per
1226 859 1306 914 llrlern
1321 870 1386 915 aute
1406 872 1457 926 est,
1473 871 1503 915 nt
1521 867 1631 916 sanetus
1652 861 1786 918 ieremias

979 953 1106 1008 admonet
1118 952 1207 1027 (arnt,
1223 954 1283 1028 bi),
1294 953 1335 1029 (ιι)
1349 956 1374 1009 ιιι
1389 954 1539 1010 substantio
1556 955 1603 1011 bel
1614 974 1620 1009 :
1631 965 1660 1010 ιιι
1673 955 1707 1010 de
1721 956 1786 1012 sub·

978 1046 1076 1115 stantia
1086 1047 1290 1114 lteiuuditurus,
1300 1062 1409 1103 sensum
1422 1064 1500 1103 snum
1513 1049 1547 1103 ad
1559 1044 1650 1122 llqea
1663 1062 1722 1118 ιιιιω
1738 1046 1786 1104 liei

979 1141 1139 1196 sulrstantiat
1153 1144 1208 1198 sint
1222 1143 1303 1214 digna
1324 1145 1497 1205 modemtur;
1523 1143 1680 1197 nrorleretor
1694 1149 1785 1198 autem

979 1248 1034 1287 non
1053 1234 1146 1306 aliquo
1166 1235 1249 1292 modo
1271 1235 1450 1306 intelligendi,
1474 1237 1521 1292 sed
1546 1237 1688 1291 inllrritrrte.
1715 1237 1785 1305 Quin

979 1327 1061 1381 etiarn
1076 1329 1204 1382 conscius
1216 1328 1269 1382 sibi
1289 1328 1387 1382 dirime
1400 1342 1429 1383 se
1443 1338 1546 1383 naturae
1568 1328 1739 1398 participem,
1758 1334 1787 1381 ut

979 1406 1077 1475 bestris
1098 1423 1239 1492 apostolus
1263 1422 1358 1477 Petrus
1381 1423 1407 1477 in
1432 1422 1546 1494 epistola
1572 1437 1621 1476 sna
1645 1422 1730 1475 altera
1749 1420 1788 1475 ait

980 1509 1050 1584 (rap.
1067 1528 1097 1578 n,
1114 1513 1171 1586 ιι),
1188 1513 1316 1572 ellectum
1336 1514 1439 1578 luisse,
1464 1515 1511 1570 bet
1533 1525 1656 1569 naturam
1672 1528 1725 1569 non
1740 1526 1789 1569 na-

978 1613 1045 1661 turre
1057 1623 1114 1663 sno
1130 1610 1234 1680 legibus
1249 1611 1386 1675 metiatur,
1409 1609 1455 1665 sed
1477 1610 1584 1666 dirinas
1599 1610 1786 1680 professiones

941 1699 1127 1781 Bsecrtndmn
1152 1702 1379 1772 rrtagrtitlceutiom
1400 1704 1501 1758 divinar
1517 1704 1550 1758 tle
1563 1719 1593 1758 se
1610 1705 1787 1773 protestatio·

978 1792 1020 1845 nis
1037 1793 1181 1861 expendat.
1194 1793 1321 1863 Optimus
1335 1795 1407 1848 enim
1423 1794 1508 1849 lector
1524 1805 1576 1860 est,
1594 1796 1637 1865 qui
1650 1794 1784 1850 dietorrttn

978 1882 1182 1953 intelligentiam
1200 1895 1340 1955 exspectet
1353 1901 1387 1942 cx
1401 1886 1481 1941 dietis
1495 1889 1677 1956 potiusquam
1697 1887 1786 1957 impo-

979 1986 1035 2038 nat,
1051 1987 1078 2030 et
1090 1977 1212 2032 retulerit
1226 1980 1312 2048 tnagis
1325 1994 1406 2048 quam
1421 1979 1553 2043 attulerit,
1566 1994 1654 2048 neque
1666 1988 1748 2050 crtgtt
1759 1978 1788 2037 iri

981 2066 1067 2121 rideri
1093 2067 1172 2122 dictis
1195 2071 1340 2136 corrtitreri,
1364 2070 1435 2141 quod
1458 2078 1522 2127 ante
1549 2071 1694 2127 lectionem
1718 2086 1790 2143 prae·

979 2159 1127 2228 sumpserit
1137 2160 1353 2232 intelligendum.
1363 2163 1429 2217 Cum
1442 2164 1531 2233 itaque
1541 2165 1576 2220 tle
1586 2162 1667 2220 rebus
1678 2165 1725 2220 liei
1737 2165 1789 2222 erit

980 2265 1084 2318 serum,
1101 2254 1283 2310 concedamus
1302 2254 1486 2326 cognitionem
1502 2257 1544 2312 sui
1561 2258 1637 2323 beo,
1653 2256 1789 2329 dictisque

980 2343 1039 2414 ejus
1054 2346 1097 2416 pia
1113 2348 1288 2404 verteratintro
1311 2348 1482 2405 [uranicum.
1508 2350 1623 2405 idoneus
1644 2352 1716 2407 eninr
1736 2349 1789 2407 silli

981 2440 1058 2495 testis
1068 2451 1121 2505 est,
1133 2439 1180 2511 qui
1195 2441 1246 2497 nisi
1258 2457 1305 2511 per
1316 2458 1346 2498 se
1358 2444 1482 2513 cognitus
1497 2460 1549 2498 non
1564 2455 1616 2499 stt.

1018 2532 1062 2586 te.
1073 2531 1280 2602 Corrtporrttioml
1289 2536 1456 2591 dilianattlla
1466 2544 1503 2591 etl
1517 2535 1715 2606 perfecte-Si
1731 2549 1784 2608 qtta

981 2639 1046 2678 reru
1061 2640 1109 2678 nos
1122 2625 1264 2680 denatura
1279 2627 1325 2681 liei
1340 2638 1366 2682 et
1379 2629 1520 2682 nativitate
1536 2637 1695 2694 tractantes,
1712 2642 1789 2685 com-
1847 2660 1850 2667 ›

982 2717 1154 2785 pmationmu
1180 2720 1303 2788 exempla
1326 2719 1492 2785 tolleremus,
1509 2735 1589 2773 neruo
1602 2736 1633 2774 ea
1649 2721 1788 2777 existimet

982 2807 1113 2863 absolutae
1125 2809 1150 2863 in
1166 2822 1195 2863 se
1206 2811 1320 2865 rationis
1331 2809 1523 2881 perlectionem
1539 2811 1692 2866 continere.
1708 2811 1789 2867 Corn·

983 2900 1086 2968 paratio
1101 2901 1173 2956 euim
1190 2911 1360 2957 terrerrornnr
1375 2902 1408 2957 ad
1425 2905 1506 2958 ileum
1522 2905 1594 2958 nulla
1610 2911 1670 2960 est:
1687 2903 1735 2959 serl
1750 2904 1791 2960 in·

983 2994 1096 3049 llrmitas
1112 3005 1212 3051 nostrae
1227 2995 1418 3067 intelligentie
1433 2998 1506 3066 cogit
1530 2997 1637 3069 speeies
1659 2998 1792 3070 quasdam

985 3102 1018 3140 ex
1040 3087 1226 3155 interioribus,
1251 3098 1387 3160 tanlquam
1410 3091 1581 3161 superiorum
1596 3087 1700 3144 indices
1714 3106 1792 3158 quat·

986 3193 1047 3234 rere
1058 3197 1065 3245 ;
1078 3189 1107 3234 ιιι
1121 3196 1211 3236 rernm
1225 3182 1397 3237 larrtiliatittm
1409 3184 1607 3239 consuetudine
1616 3183 1791 3252 admonente,

985 3288 1131 3330 exsensus
1153 3274 1239 3330 nostri
1261 3278 1427 3334 conscientia
1451 3280 1484 3333 ad
1506 3277 1608 3333 insoliti
1623 3278 1794 3352 sensusopi·

985 3367 1094 3421 niortem
1109 3367 1290 3424 edtteerentur
1308 3367 1385 3440 (liter
1400 3379 1575 3425 arerrrornruur
1594 3370 1639 3425 ιιι.
1655 3388 1692 3439 tr,
1707 3390 1734 3426 ιι.
1751 3372 1792 3444 Ξ).

985 3457 1079 3514 Omnis
1094 3461 1174 3530 igitur
1189 3464 1356 3532 comparatio
1373 3463 1476 3518 lromini
1492 3466 1583 3536 potius
1600 3465 1673 3522 utilis
1691 3465 1795 3523 lrabea-

987 3562 1042 3618 tur,
1058 3569 1137 3625 quam
1165 3556 1219 3611 [leo
1235 3565 1322 3626 apta,
1347 3558 1409 3628 qnia
1433 3558 1641 3629 intelligentiam
1657 3560 1742 3631 tnagis
1757 3561 1796 3616 si·

988 3650 1107 3719 grrillcet,
1123 3666 1203 3721 qnam
1217 3651 1325 3720 expleat
1342 3671 1348 3706 :
1372 3670 1459 3722 neque
1474 3658 1579 3710 naturis
1593 3656 1684 3711 carnis
1698 3665 1725 3712 et
1740 3657 1796 3728 spi·

988 3746 1065 3809 ritus,
1076 3756 1101 3800 ot
1112 3744 1287 3801 invisibilium
1299 3761 1329 3801 ac
1340 3747 1522 3802 tractabilium
1539 3749 1712 3819 coaequandis
1724 3765 1795 3819 prro-

989 3851 1096 3908 sumpta
1108 3849 1258 3910 reputetur,
1271 3850 1425 3911 protestans
1435 3853 1461 3897 et
1471 3842 1620 3896 inlrrrnitati
1630 3858 1659 3897 se
1670 3841 1797 3898 lrumanae

991 3933 1178 4003 intelligentie
1195 3935 1389 4002 necessariam,
1404 3944 1433 3990 et
1444 3935 1478 3989 ab
1491 3934 1589 3990 invidia
1606 3949 1667 3992 esse
1679 3935 1796 3993 liberam

991 4041 1044 4081 non
1058 4025 1251 4082 satislaeientis
1266 4028 1394 4097 exempli.
1411 4025 1553 4098 l’ergimus
1571 4029 1662 4099 itaque
1684 4029 1718 4085 de
1741 4029 1798 4088 lieo

995 4235 1073 4281 antea
1091 4226 1298 4296 praemitteretur
1321 4228 1365 4293 qui
1378 4229 1451 4294 dura,
1468 4244 1521 4284 non
1535 4247 1594 4301 quta
1606 4231 1676 4297 duur,
1693 4243 1759 4300 ete,
1771 4230 1798 4290 iti

994 4307 1046 4362 est,
1063 4315 1123 4368 quae
1136 4300 1238 4355 creatio
1258 4315 1312 4355 non
1329 4300 1381 4356 nisi
1399 4302 1564 4358 mendaciter
1579 4304 1722 4371 subjicitur
1735 4305 1798 4362 fidet

995 4370 1052 4432 liei,
1077 4370 1122 4441 qui
1145 4386 1244 4441 genere
1271 4381 1298 4427 et
1321 4384 1415 4426 tratura
1442 4390 1509 4428 unns
1534 4384 1586 4439 est,
1600 4378 1724 4446 qtranrris
1745 4394 1798 4433 non

994 4442 1190 4496 orelmlamra
1224 4442 1277 4497 lnle
1313 4443 1358 4498 liei
1389 4444 1415 4497 in
1450 4458 1639 4512 sacramento,
1666 4457 1800 4517 quatenus

994 4515 1085 4580 plures
1102 4514 1304 4639 perquarndarn
1320 4518 1528 4585 prerogativam
1553 4518 1605 4573 lmc
1625 4534 1724 4576 uotueu
1741 4537 1800 4576 sor·

993 4585 1108 4638 tirtntnr.
1124 4583 1155 4638 Vi
1178 4585 1231 4640 esis
1242 4584 1288 4639 lib.
1303 4595 1398 4641 eontra
1415 4589 1531 4642 durent.
1547 4606 1574 4643 o.
1592 4591 1619 4645 5.

132 4655 192 4710 soie
208 4652 249 4707 ris
264 4653 370 4722 triplex,
388 4654 570 4717 illuminandi,
587 4651 772 4712 caleiaeiemli,
788 4662 814 4707 et
828 4645 975 4708 urbica-D
1025 4654 1153 4727 (rllSolus
1164 4656 1247 4710 codex
1260 4656 1319 4711 l'at.
1330 4657 1387 4712 bas.
1399 4659 1602 4717 substituentes:
1618 4660 1798 4721 rairrosbeoo

134 4727 199 4779 laris
217 4726 317 4793 figura,
335 4740 382 4779 sen
397 4725 512 4781 solidum
530 4726 593 4781 illud
608 4726 678 4780 urttle
693 4735 733 4778 est
751 4732 863 4794 utraque
879 4728 937 4781 ris:

136 4800 217 4852 itaet
239 4800 266 4850 in
281 4796 413 4850 Trinitate
436 4797 622 4865 excogitabant
637 4794 782 4850 Saltelliaui
805 4797 937 4863 triplicem

136 4870 208 4931 rint,
229 4867 307 4937 eujus
331 4867 410 4924 l‘ater
432 4875 506 4924 esset
521 4868 673 4940 hypostasis
696 4883 727 4921 ac
751 4867 832 4921 relati
856 4866 940 4922 totins

136 4943 239 5002 lorrrra,
258 4949 286 4992 nt
301 4939 418 5011 loquitur
433 4938 601 5008 Epipltanins
620 4940 680 4993 inco
695 4937 821 4992 laudato:
838 4955 871 4993 ex
886 4954 939 5006 quo

136 5012 251 5065 lucrosis
269 5010 348 5092 lnrjrrs
372 5013 495 5066 notitiam
519 5010 553 5066 ad
576 5010 722 5082 capiendos
746 5008 839 5067 llilarii
857 5010 940 5066 libros

137 5097 322 5138 rteeessanaot
337 5098 537 5154 comparamus.

173 5152 214 5279 qb)
227 5153 304 5224 Apud
320 5153 398 5219 liad,
417 5154 475 5219 Er„
502 5171 607 5211 necnon
631 5153 658 5210 in
687 5170 738 5209 ms.
760 5152 822 5207 ilat.
839 5151 898 5207 bas
912 5161 940 5208 et

136 5225 176 5279 llo
189 5228 217 5280 ιι.
239 5242 302 5291 tuto,
315 5226 360 5279 sed
374 5230 469 5282 creatio
482 5226 560 5282 aeluri
572 5226 706 5292 corrtpoaiti
723 5234 747 5280 et
767 5223 878 5279 simulati
892 5222 942 5279 Dei

137 5299 281 5368 salutatem
312 5299 412 5351 doceret
441 5314 451 5353 .·
484 5298 555 5368 qaod
592 5300 727 5370 glossema
759 5296 940 5364 suspicantur,

139 5368 260 5424 rrraxitne
288 5385 349 5424 eunt
384 5369 443 5425 itae
470 5369 596 5439 loquendi
621 5371 688 5425 ratio
714 5368 748 5424 ab
778 5367 879 5423 Hilario
907 5367 943 5423 sil

137 5441 240 5494 aliena.

175 5510 216 5582 lc)
238 5511 268 5566 lo
282 5511 398 5583 vulgatis
413 5520 441 5567 et
461 5513 583 5585 pluribus
602 5527 667 5570 mss.
690 5511 735 5568 hic
754 5511 863 5566 additur
887 5524 941 5566 roa

137 5584 287 5652 acutioris,
303 5600 364 5655 qma
384 5584 484 5641 rectius
498 5585 575 5640 abest
589 5598 604 5638 a
619 5582 836 5656 castigatioribus
855 5581 943 5639 libris.

139 5659 227 5709 Antea
237 5656 330 5711 excusi
343 5655 442 5710 lrabeat
452 5657 644 5720 surentireatttr,
656 5666 684 5712 et
694 5663 756 5727 post
766 5653 944 5721 excluderent,

139 5726 218 5782 nullo
232 5726 290 5785 lere
304 5726 469 5800 sullraganto
481 5743 532 5786 tus.
548 5727 606 5785 Non
624 5727 781 5800 displiceret
793 5734 899 5794 auten,
921 5722 946 5782 si

994 4727 1051 4781 line
1066 4729 1138 4782 enim
1149 4727 1199 4781 sibi
1215 4728 1272 4781 rult
1289 4746 1295 4781 :
1310 4745 1389 4798 quern
1401 4731 1526 4785 ‹tatltoliei
1544 4731 1628 4787 Derrru
1639 4748 1743 4799 rerunt,
1758 4739 1801 4788 ul-

993 4810 1054 4868 pme
1067 4815 1098 4853 ex
1114 4799 1167 4851 ltro
1178 4814 1239 4853 vera
1255 4800 1394 4855 rtatiritate
1409 4811 1499 4855 uatum
1512 4802 1637 4870 eredunt,
1653 4803 1691 4858 illi
1708 4803 1797 4862 irrere-

994 4869 1038 4923 tiei
1053 4870 1152 4923 nontini
1169 4885 1200 4923 ae
1217 4870 1277 4924 lidei
1293 4871 1440 4925 creationis
1453 4873 1612 4942 subjiciunt.

1030 4941 1065 5010 (e)
1082 4940 1171 4995 llrtitio
1185 4939 1247 4995 Par.
1260 4942 1385 5010 antiquos
1396 4942 1490 5007 libros,
1502 4945 1601 5014 quibus
1624 4948 1746 5005 solemne
1756 4958 1799 5007 est

995 5020 1102 5067 molare
1117 5022 1127 5065 ι
1142 5012 1168 5066 iu
1184 5012 1211 5078 d,
1225 5023 1330 5078 secuta,
1342 5013 1528 5085 corrfitrndtrtrt.

1045 5082 1067 5153 l)
1082 5083 1144 5138 Val.
1159 5082 1215 5139 bas.
1229 5099 1293 5149 urs,
1311 5085 1460 5143 asserimus.

1044 5151 1072 5236 ql
1085 5154 1150 5209 Bari.
1161 5166 1189 5211 et
1200 5156 1257 5224 Er,
1268 5157 1411 5227 ignorante,
1422 5157 1496 5230 Lips.
1509 5167 1538 5216 et
1550 5157 1624 5230 Pau,
1636 5161 1798 5234 ignoratumt

995 5236 1162 5297 castigantur
1174 5244 1208 5281 er
1221 5241 1286 5283 mss.

1032 5298 1072 5368 lit)
1088 5298 1165 5368 Apud
1186 5314 1256 5361 tax,
1278 5301 1302 5354 ἐν
1322 5301 1478 5359 ὑποστάσει.
1501 5300 1647 5376 Gregorius
1672 5304 1800 5366 Nazianz.

995 5368 1070 5423 llrat.
1090 5385 1180 5439 ιιιιι,
1198 5373 1287 5437 legens
1301 5372 1327 5426 ia
1347 5373 1522 5448 ὑποστήματι,
1538 5376 1706 5447 explicandae
1720 5380 1803 5451 brtjtte

996 5440 1070 5494 voris
1081 5443 1168 5513 gratia
1179 5442 1262 5505 addit,
1276 5447 1318 5498 και
1331 5446 1405 5521 οὐσίᾳ
1416 5451 1508 5522 ruptor
1526 5465 1531 5500 :
1547 5447 1618 5517 qrmd
1633 5451 1740 5519 quidem
1753 5452 1803 5509 otti

997 5512 1144 5566 virentium
1169 5513 1299 5568 hactenus
1319 5530 1478 5572 eoncessum
1504 5529 1595 5591 negat,
1621 5523 1682 5590 qnia
1706 5539 1804 5581 eorum

1001 5585 1101 5638 nemini
1115 5583 1208 5640 datura
1221 5593 1263 5639 est
1276 5583 1367 5641 ridere
1384 5600 1505 5644 naturam
1520 5605 1567 5647 sen
1581 5594 1728 5651 essentiam
1743 5595 1803 5653 bei.

1000 5655 1169 5724 Arultrosius,
1188 5657 1206 5711 l.
1233 5673 1262 5712 ut
1276 5655 1310 5712 tie
1325 5656 1402 5725 Fide,
1418 5674 1443 5716 c.
1463 5652 1515 5716 ib:
1537 5657 1603 5731 'Quis
1617 5666 1686 5722 stetit
1700 5670 1728 5723 ιιι
1741 5664 1804 5725 tul-

1002 5727 1098 5788 sloutia
1113 5725 1230 5799 domiui,
1246 5739 1270 5786 et
1281 5729 1343 5785 uidit
1354 5729 1457 5787 aerium
1468 5734 1546 5803 rjus!
