3884 6136
82 329 86 334 .
175 275 229 334 sm
791 272 913 331 saltem
934 271 1235 348 uttsntturtscort
1777 268 1834 328 280

210 390 313 449 Christo
336 386 487 448 secuturarum
501 391 594 447 ueritus
606 387 699 456 diffuse
711 388 863 443 adstruitur.
988 395 1014 453 Α
1062 388 1132 446 solus
1146 388 1221 444 illum
1243 384 1313 443 Filio
1337 404 1388 444 nort
1412 397 1498 445 tacet:
1520 389 1599 444 nescit
1620 396 1706 444 antem
1728 381 1833 453 Filius,

178 481 229 540 llis
241 483 351 556 positis,
367 485 401 539 nd
414 485 527 556 primunr
542 482 719 537 hoereticorum
739 479 890 553 objectum,
907 479 978 549 Quid
1067 486 1129 556 quin
1151 486 1216 541 nulli
1228 487 1330 541 reuelot.

179 642 181 647 .
213 576 333 633 medicis
345 575 444 632 bonrum
455 575 467 629 l
479 574 564 631 Nemo
579 572 683 640 bonus,
698 573 749 629 nisi
760 588 830 629 umus
841 574 923 643 Deus,
939 591 980 631 rc-

212 673 285 743 ponit
293 669 423 726 Christum
438 670 479 727 hir
489 669 571 726 cerlis
584 685 635 724 nors
648 668 711 724 honi
727 679 772 724 uret
798 669 918 741 magistri
933 686 980 724 no·
1066 668 1146 742 257
1162 668 1186 722 l.
1202 667 1280 723 Libro
1296 667 1428 739 superiore
1441 667 1504 740 quid
1515 669 1669 739 eorrsectunr.
1683 664 1754 732 Quid
1768 680 1832 720 eon·

213 782 271 824 rnen
280 779 409 837 respuere,
421 764 465 818 sed
475 765 531 836 ejus
541 760 727 833 reprehendere
739 761 828 832 fidon,
840 762 884 833 qui
893 762 978 833 ipsum
1031 766 1152 829 fututum.
1166 793 1200 803 -
1213 762 1373 818 'lractames
1383 761 1524 832 superiore
1538 762 1608 817 libro
1620 761 1655 817 de
1667 759 1836 817 indifferenti

212 860 298 917 Deum
310 857 489 922 concredens,
504 856 542 910 sie
552 865 635 910 tenrerr
649 866 825 929 nuncuparet,·
846 857 898 911 imo
923 873 978 911 sese
1030 863 1126 912 tratura
1144 855 1190 911 llel
1205 855 1290 927 patris
1303 865 1329 910 et
1342 854 1388 910 Dei
1401 854 1460 921 tilii,
1473 865 1501 910 ct
1517 853 1543 909 id
1559 852 1631 925 quod
1650 852 1809 908 dictumest
1825 890 1835 920 ,

210 954 295 1037 ileum
306 967 336 1006 uc
345 950 496 1022 nrupistrum
506 949 602 1015 testari,
617 964 675 1002 cunr
686 949 835 1018 assequenti
852 948 978 1003 coetestem
1030 946 1086 1017 Epo
1096 957 1120 1002 et
1129 947 1211 1003 Peter
1223 964 1302 1002 uuum
1313 945 1499 1020 sermus(houn.
1511 963 1538 1011 n,
1546 945 1604 1017 38),
1615 940 1837 1001 demonstrantes

213 1048 362 1102 thesaurum
373 1041 595 1116 pollicetur.Tum
605 1043 978 1112 plurilusdemonstratChris·
1030 1056 1085 1097 non
1097 1038 1131 1096 ad
1147 1039 1297 1097 solitarium
1314 1040 1397 1095 Deum
1412 1038 1555 1110 prolicere,
1573 1036 1621 1120 scd
1636 1037 1676 1109 (l)
1691 1037 1725 1092 ad
1740 1037 1833 1092 uirita-

212 1150 277 1208 tum,
289 1138 440 1208 ubicumque
455 1129 539 1191 Deum
551 1138 774 1209 uoumpraedicut,
788 1153 814 1191 se
824 1137 903 1192 ulium
919 1138 978 1208 qui·
1032 1145 1084 1192 tem
1100 1134 1139 1207 (ul
1153 1133 1308 1191 indiscretus
1323 1131 1472 1188 securrduur
1486 1131 1691 1202 generationem
1703 1128 1833 1185 diuinita-

211 1234 270 1288 dem
284 1230 390 1287 cPotre
404 1272 412 1297 ‚
429 1247 481 1284 arou
490 1240 576 1285 torrreu
589 1230 697 1286 ulterius
707 1241 807 1287 noturus
818 1232 975 1304 siqrrilicore.
1030 1227 1081 1294 tis;
1096 1228 1160 1283 dum
1174 1241 1262 1298 neque
1272 1224 1382 1281 aliunde
1395 1240 1475 1296 quam
1486 1237 1519 1278 cx
1531 1223 1589 1278 lleo
1601 1222 1674 1279 Deus
1686 1231 1766 1278 natus
1778 1230 1832 1288 est,

178 1323 314 1400 Ohjecturu
326 1323 455 1389 alterurn,
476 1332 506 1377 ut
519 1322 607 1378 sciant
617 1330 644 1379 te
663 1323 749 1378 solum
763 1340 855 1380 rerum
871 1325 976 1393 liceum,
1029 1330 1058 1377 et
1079 1336 1112 1378 es
1129 1322 1184 1378 lieo
1197 1322 1271 1376 lteus
1286 1335 1339 1375 uon
1354 1329 1444 1389 potest
1465 1333 1519 1373 non
1541 1318 1566 1372 id
1586 1331 1648 1374 esse
1668 1316 1742 1389 quud
1762 1316 1836 1373 Deus

210 1427 239 1474 et
253 1432 332 1490 quem
349 1415 445 1470 misisti
459 1414 552 1472 lesum
564 1414 712 1482 Christum,
724 1419 940 1489 exsuperioribus
948 1436 979 1474 ue
1030 1425 1072 1472 est
1087 1430 1095 1470 ε
1110 1413 1314 1486 percursisque,
1329 1411 1380 1469 etsi
1400 1426 1454 1467 non
1469 1411 1605 1475 omnibus,
1624 1419 1714 1466 mmen
1733 1408 1768 1465 ad
1790 1411 1834 1465 iu·

213 1509 368 1565 continueris
376 1509 465 1564 truiece
475 1507 619 1563 toeooerhis
629 1508 716 1562 diluit.
729 1508 752 1564 U
755 1509 853 1565 hienirn
861 1509 979 1566 Christus
1031 1506 1207 1578 telligentiam
1221 1503 1420 1561 sulllcientihus
1434 1501 1570 1558 «lictorum
1585 1501 1740 1557 divinorum
1752 1509 1837 1573 atque

211 1599 302 1673 (loun.
318 1600 374 1671 xlv)
394 1597 481 1655 docuit
508 1597 614 1655 Putrem
631 1601 658 1654 iu
672 1618 699 1655 re
710 1617 774 1666 esre,
787 1602 814 1658 in
826 1619 852 1657 se
862 1604 979 1674 loquente
1029 1599 1242 1670 apostolicorum
1258 1595 1440 1663 testimoniis,
1458 1594 1556 1665 quibus
1576 1593 1765 1666 inseparabilis
1787 1609 1836 1649 na·

211 1693 292 1765 loqui,
304 1693 332 1747 iu
347 1709 375 1747 se
385 1700 509 1762 operuere
523 1694 638 1763 operari,
648 1692 675 1747 iu
686 1709 713 1748 se
726 1695 780 1748 uiso
795 1695 875 1749 rideri
886 1694 976 1765 (doure.
1031 1700 1089 1747 tura
1106 1705 1138 1746 ac
1152 1700 1272 1762 potestas
1292 1689 1381 1746 Patris
1394 1703 1425 1744 ac
1441 1687 1504 1745 Filii
1520 1687 1679 1751 docebatur,
1700 1700 1788 1758 usque
1800 1685 1835 1742 sd

210 1783 377 1858 ructuando
385 1785 463 1855 fidem
473 1784 654 1858 Apostolorum
663 1803 690 1841 se
697 1788 816 1842 exitionis
827 1791 928 1844 norrrine
939 1805 980 1844 ae·
995 1794 1019 1855 Β
1033 1787 1104 1842 ltrrnc
1116 1785 1275 1856 apostulicae
1289 1783 1351 1840 ndei
1373 1784 1461 1839 locum
1483 1782 1618 1848 uenimus,
1634 1794 1689 1853 quo
1703 1780 1742 1835 ait
1756 1797 1763 1832 s
1785 1778 1834 1834 Vi·

209 1895 238 1935 re
248 1893 280 1933 ec
291 1874 444 1933 Decumum
455 1877 629 1948 credentium,
640 1881 782 1936 eorundem
793 1879 882 1952 (ioan.
899 1881 977 1956 xvir),
1030 1879 1130 1934 deterre
1148 1879 1206 1948 quia
1219 1893 1264 1932 uos
1279 1877 1386 1932 sedrrcat
1405 1891 1451 1947 per
1471 1875 1664 1945 philosophiam
1684 1881 1708 1928 et
1727 1873 1834 1927 inanem

211 1972 334 2026 honorent
344 1972 381 2026 itu
391 1985 408 2025 o
420 1970 501 2026 Putre
510 1972 632 2043 postulat,
645 1984 673 2028 nt
684 1975 794 2030 uicissim
806 1972 979 2032 horrornturnr
1029 1974 1203 2045 deceptionem
1213 1972 1353 2028 secuudum
1364 1971 1527 2025 traditionem
1538 1968 1682 2034 homiuum,
1690 1965 1834 2020 seeundum

210 2065 243 2119 sit
264 2064 453 2130 honorantem
476 2066 513 2120 ito
524 2075 674 2132 potestatem
685 2068 795 2139 occipit,
811 2080 840 2123 ut
850 2079 873 2124 et
900 2070 979 2140 possit
1029 2069 1155 2124 elerrrentu
1169 2066 1271 2132 usundi,
1286 2075 1309 2120 et
1326 2080 1376 2119 uon
1390 2064 1530 2119 secrrndmu
1549 2061 1682 2116 Christum
1699 2059 1786 2130 :quio
1807 2057 1834 2111 in

209 2156 280 2211 oruui
294 2156 368 2210 curui
391 2156 470 2210 uitem
481 2166 603 2212 ueternum
615 2158 727 2228 lorqiri,
743 2159 889 2215 ueehuheot
903 2161 979 2232 quid·
1028 2160 1086 2233 ipso
1107 2159 1235 2216 inhahitet
1255 2159 1338 2213 amuis
1353 2155 1486 2229 plenitudo
1502 2155 1645 2210 diuinitatis
1665 2150 1836 2224 corporaliter

209 2244 908 2320 quomminusoPotrerhisorrrnihusiudieausseed
924 2252 980 2309 Pu·
1029 2253 1141 2329 (Colore.
1170 2269 1200 2323 u,
1216 2255 1243 2320 8,
1271 2250 1309 2324 9).
1323 2251 1352 2307 ln
1366 2266 1431 2322 quo,
1449 2265 1497 2320 per
1511 2247 1691 2319 corporaliter
1705 2242 1833 2302 habitan·

209 2349 247 2396 tre
257 2347 356 2407 amuco,
369 2347 392 2395 et
400 2356 457 2395 curn
469 2356 497 2397 eo
507 2351 600 2397 natura
610 2359 701 2397 unum.
714 2341 814 2399 Deinde
823 2346 979 2416 ecipsismet
1030 2355 1085 2405 tem
1106 2347 1133 2402 ln
1151 2362 1184 2403 eo
1203 2343 1356 2401 divinitatis
1376 2341 1585 2416 plenitudinem,
1608 2354 1702 2395 rerum
1725 2345 1753 2394 et
1771 2352 1836 2408 per·

212 2433 318 2504 objectis
331 2433 413 2489 audis
423 2433 526 2505 coupcit
534 2433 665 2489 Christum
676 2454 692 2489 n
703 2434 783 2492 Putre
795 2454 846 2493 nou
856 2455 979 2508 sepnruu·
1029 2439 1129 2498 lectum
1145 2448 1174 2496 et
1187 2449 1307 2512 paternae
1321 2446 1425 2493 naturae
1439 2436 1524 2492 Deum
1540 2431 1721 2490 demonstrari
1732 2430 1830 2487 docui·

211 2526 273 2582 dvm
290 2528 515 2598 ettetttttttwsett'
531 2529 752 2598 contendendus
764 2538 801 2584 ert
820 2530 886 2597 fide,
901 2547 980 2604 aeque
1030 2550 1091 2592 mus
1114 2553 1121 2591 :
1142 2535 1180 2591 ita
1205 2543 1234 2590 ut
1254 2532 1380 2590 habimus
1398 2529 1537 2602 plenitudo
1561 2542 1612 2584 nec
1631 2526 1772 2583 diuersum
1792 2525 1836 2580 iu·

211 2620 980 2694 sineeontumetinoocuriDeuurrerumputrem,siercdatur
1030 2629 1197 2700 telligeretur
1220 2628 1396 2698 significare,
1430 2638 1519 2697 acque
1544 2625 1655 2678 unicum
1681 2638 1688 2673 c
1716 2633 1781 2675 cum
1805 2625 1836 2674 et

211 2717 297 2788 pilium
318 2717 445 2788 peperisse
465 2716 622 2788 depenerent.
643 2714 760 2789 Denique
780 2734 813 2772 ec
826 2720 979 2776 continueris
1030 2720 1208 2793 incorporalis
1234 2720 1281 2776 llei
1306 2719 1457 2790 corporalis
1482 2717 1614 2773 habitatio
1639 2713 1834 2786 proprietatem

212 2808 310 2879 objecto
323 2807 379 2862 loco
394 2807 475 2862 uerhis
488 2824 565 2864 unum
586 2807 673 2864 Putris
687 2816 711 2864 st
725 2806 792 2864 Filii
804 2809 915 2882 pluriam
925 2826 979 2867 erse
1029 2812 1160 2870 naturalis
1174 2812 1283 2868 unitatis
1298 2812 1324 2866 in
1336 2811 1392 2867 Deo
1407 2810 1452 2882 qui
1469 2824 1502 2865 er
1518 2809 1574 2864 tteo
1595 2806 1764 2863 substitisset
1781 2805 1836 2862 do·

213 2901 318 2972 copiose
330 2900 509 2972 subtiliterque
518 2902 645 2958 edisserit.
1029 2913 1122 2971 ceret;
1137 2913 1165 2961 et
1181 2903 1309 2975 habitans
1328 2902 1355 2959 in
1375 2901 1485 2958 Christo
1506 2901 1589 2966 Deus,
1605 2897 1782 2955 subsistentis
1795 2895 1836 2971 (h)

177 2989 274 3049 Postco
286 3008 319 3046 ec
331 2993 466 3048 occasione
480 3033 488 3058 ,
508 3008 566 3062 quac
587 2993 670 3048 torrem
694 2996 764 3052 dedit
776 2997 873 3055 Christi
886 2998 953 3053 dieto
968 3039 977 3067 ,
1029 2995 1131 3053 Christi
1145 2996 1328 3063 nativitatem,
1343 2993 1407 3050 dum
1422 2993 1481 3065 ejus
1493 3001 1536 3049 cst
1548 2992 1694 3058 lralritatar,
1705 2988 1836 3046 osteude-

213 3083 272 3140 Nou
286 3093 374 3156 potest
395 3084 483 3142 Filius
506 3086 581 3143 absc
601 3086 690 3145 tacere
706 3090 873 3172 quidquam,
887 3094 979 3148 eoineic
1030 3099 1082 3148 ret.
1095 3091 1148 3147 Per
1166 3088 1238 3162 quod
1255 3088 1388 3160 impietati
1406 3103 1500 3145 eorum
1514 3088 1580 3143 satis
1601 3101 1740 3158 superque
1762 3083 1838 3141 arbi·

215 3174 281 3231 Filii
295 3194 353 3232 omn
366 3176 447 3234 Putre
460 3178 653 3249 equalitatem,
667 3180 762 3236 nedum
780 3183 976 3254 infirmitatem,
992 3189 1015 3255 c
1031 3183 1180 3241 trorluisse
1194 3198 1367 3255 responsum,
1378 3182 1424 3254 qui
1440 3183 1476 3245 id,
1488 3181 1561 3253 quod
1574 3180 1716 3237 allomino
1730 3179 1837 3235 dictum

214 3269 325 3324 usundi.
339 3268 403 3325 Cum
417 3271 484 3325 eninr
496 3271 585 3326 uiolati
605 3272 704 3328 rahhoti
716 3285 814 3329 reorum
834 3276 979 3350 objicienti·
1030 3290 1073 3338 est
1090 3299 1097 3337 s
1115 3280 1168 3349 Qui
1179 3295 1219 3333 rue
1233 3278 1308 3346 uidit,
1321 3277 1385 3333 uidit
1406 3286 1428 3332 et
1443 3275 1549 3331 Putrem
1562 3271 1653 3350 (ioan.
1673 3287 1732 3339 ιιι,
1744 3270 1791 3345 9),
1807 3280 1839 3329 et

215 3359 261 3416 hur
283 3359 384 3416 induis
398 3362 446 3416 hoe
459 3363 632 3436 respondens,
649 3366 765 3435 prosince
778 3376 853 3423 auten
865 3369 979 3439 proemit-
1032 3372 1151 3427 Peterin
1166 3387 1218 3438 me,
1229 3380 1254 3427 et
1269 3387 1315 3442 eqo
1331 3370 1357 3424 in
1370 3368 1449 3423 Patre
1465 3368 1554 3443 (doun.
1567 3383 1596 3432 x,
1612 3366 1658 3438 58)
1668 3384 1675 3432 ·,
1687 3376 1726 3430 ct,
1741 3363 1799 3436 Epo
1812 3373 1839 3421 et

216 3461 275 3519 tot,
303 3451 383 3508 Pater
406 3470 483 3510 meus
505 3471 590 3527 usque
611 3456 692 3513 modu
714 3466 857 3529 operatur,
885 3469 912 3516 et
931 3478 981 3534 ego
1032 3463 1112 3520 Peter
1124 3480 1203 3519 ununr
1218 3480 1307 3518 saurus
1324 3460 1418 3536 (thid,
1431 3461 1495 3533 5⁰);
1514 3469 1552 3527 ct,
1569 3459 1663 3514 Omnia
1676 3473 1733 3529 quac
1745 3455 1839 3512 Putris

215 3557 330 3615 operor;
354 3545 403 3600 tt'ht'
418 3546 541 3617 Patrique
555 3564 633 3602 anum
648 3558 908 3608 eteorumuuemesse
921 3571 982 3627 ope·
1031 3568 1101 3625 sum,
1123 3574 1179 3613 rueu
1201 3566 1261 3612 suut
1280 3555 1371 3632 (toan.
1386 3570 1441 3616 xer.
1465 3553 1519 3627 ts),
1543 3551 1579 3627 (c)
1600 3551 1634 3608 ad
1654 3553 1788 3608 ueritatem
1808 3558 1839 3606 et

215 3636 341 3692 rationem
360 3637 473 3693 declaret
485 3654 494 3693 .·
508 3640 574 3694 sicut
592 3657 618 3695 se
636 3643 772 3710 confirmat
794 3645 818 3699 ei
837 3648 980 3717 oequulern,
1033 3649 1206 3706 concordiam
1221 3647 1368 3704 uoluntatis
1382 3646 1536 3702 referrent:
1553 3653 1582 3701 ut
1599 3643 1661 3716 quia
1682 3643 1748 3699 dicti
1769 3641 1839 3700 ssdes

216 3746 275 3786 cum
294 3731 385 3787 iisdem
395 3732 498 3805 indique
511 3734 652 3804 [ereutihus
663 3737 732 3806 quod
754 3741 877 3810 aequalem
892 3759 918 3797 re
928 3741 983 3799 Deo
1034 3754 1169 3809 nrarreret,
1185 3742 1252 3799 dicti
1265 3753 1355 3798 tarueu
1368 3741 1573 3813 intelligentiam
1588 3739 1691 3794 fallacis
1702 3738 1838 3794 doctrinas

217 3824 328 3894 soenes,
350 3824 437 3878 stetim
458 3825 580 3894 suhp'icit,
599 3825 781 3903 Quaecumque
795 3832 868 3889 enim
883 3834 928 3891 ille
943 3836 982 3891 ta·
1034 3838 1131 3910 religio
1156 3837 1285 3894 ementita
1310 3844 1517 3906 eorrumperet;
1537 3843 1565 3890 et
1585 3848 1646 3889 curu
1671 3832 1763 3904 negari
1780 3847 1839 3889 nou

216 3919 276 3985 cit,
299 3918 394 3975 eadem
419 3927 447 3976 et
467 3920 552 3978 Filius
576 3922 702 3979 similiter
720 3923 792 3981 lacit.
820 3927 879 3982 utun
907 3930 983 3985 etium
1034 3942 1128 4004 posset
1142 3931 1169 3985 in
1186 3929 1280 4002 laisid)
1297 3929 1466 3985 volumnum
1481 3941 1619 3993 assensus,
1632 3925 1658 3982 in
1677 3924 1776 3998 quibus
1788 3938 1838 3981 na·

217 4012 352 4084 utriusque
375 4013 494 4069 uoluntas
516 4015 624 4071 subinde
646 4015 847 4076 demonstretur.
1036 4034 1103 4081 turm
1119 4025 1209 4080 ueritas
1231 4022 1407 4094 predicatur,
1429 4022 1463 4077 ad
1486 4020 1649 4077 abiciendam
1671 4030 1760 4077 tamen
1776 4034 1841 4076 eam

180 4106 223 4163 Ad
236 4107 264 4162 id
282 4108 352 4178 quod
373 4117 463 4176 qururto
488 4108 631 4182 ohjiciunr,
646 4109 725 4167 Pater
752 4113 838 4183 major
859 4130 903 4170 ute
922 4125 983 4183 est,
1035 4129 1097 4187 quos
1118 4115 1267 4172 secuudum
1294 4116 1462 4172 nativitatem
1485 4125 1528 4171 est
1551 4116 1700 4182 unitatem,
1721 4116 1841 4170 societas

217 4200 265 4255 '¹⁰⁶
275 4200 390 4255 ⁶⁰t¹⁶0⁶fl
398 4216 455 4255 tm
466 4200 528 4267 dici,
542 4202 602 4271 thie
612 4211 702 4258 mitit
712 4201 737 4257 F
738 4203 779 4259 2'11'1'
791 4216 838 4273 tet,
847 4207 892 4278 qui
905 4223 985 4279 usquc
1036 4221 1140 4268 tautum
1160 4213 1313 4269 eorrcordiae
1333 4212 1500 4269 crederetur.
1520 4211 1573 4270 Sed
1596 4212 1676 4268 beato
1695 4211 1839 4282 Apostolo,

218 4293 295 4348 Porri
303 4292 488 4364 equuudusest
498 4296 637 4351 secundum
647 4299 756 4368 [drumm
767 4300 841 4354 suri.
855 4299 886 4356 Si
900 4311 985 4356 nutem
1036 4315 1096 4376 post
1104 4305 1187 4361 multa
1199 4304 1331 4361 naturalis
1342 4303 1424 4377 250
1433 4303 1555 4359 ueritatis
1566 4319 1620 4358 nun
1632 4302 1757 4373 ambigua
1765 4315 1841 4371 prce.

128 4380 141 4405 ‘
219 4382 301 4440 Pater
311 4384 532 4452 maioresrll'ilio,
545 4388 984 4460 quiueidotquodesqutrpenpp
1035 4399 1124 4465 corula,
1150 4397 1332 4469 corporaliter
1353 4398 1500 4453 herbitantis
1519 4396 1671 4452 divinitatis
1690 4394 1843 4466 plenitudi-

219 4489 258 4535 est
268 4479 352 4532 minor
363 4476 451 4545 Putre,
468 4480 564 4550 quioid
578 4483 834 4552 ourneueeipitquod
847 4484 982 4543 Peterest.
1036 4507 1099 4548 nuri
1116 4493 1142 4546 iu
1158 4491 1266 4547 Christo
1285 4491 1419 4558 docente,
1435 4491 1555 4548 abscissa
1578 4500 1621 4546 est
1640 4488 1730 4545 curnis
1748 4488 1842 4560 impiae

184 4571 320 4629 P⁰⁸¹f²m⁰
343 4573 534 4642 ''hnmhfitms
560 4590 637 4644 utum
660 4576 771 4632 heretici
793 4576 895 4634 Christo
912 4583 984 4652 effia-
998 4584 1026 4645 D
1038 4585 1198 4641 temeritatis
1211 4585 1336 4651 assertio,
1351 4599 1412 4640 curn
1429 4583 1579 4640 naturalem
1597 4583 1730 4649 unitatem
1745 4582 1841 4640 incor-

218 4672 292 4738 punt,
309 4663 425 4733 pluribus
445 4666 601 4737 urpamentis
611 4668 720 4738 repellit.
734 4667 796 4724 Non
805 4672 872 4725 enim
888 4673 984 4744 judieii
1037 4679 1138 4750 parulis
1152 4678 1300 4734 diuinitatis
1314 4679 1442 4735 hahitatio
1454 4678 1606 4750 corporalis
1615 4677 1739 4736 eluceret
1751 4697 1758 4734 τ
1770 4688 1801 4734 ut
1813 4678 1842 4735 id

181 4763 185 4779 ¹
219 4756 415 4830 dlemt'qttorttre
428 4757 767 4826 potuicomniumcondiror,
781 4763 982 4834 dr'et'http'ttsttd·
1035 4772 1107 4845 qdod
1127 4789 1182 4828 nun
1204 4773 1278 4828 solus
1301 4779 1345 4829 est
1366 4772 1461 4840 Filius,
1483 4772 1531 4828 sed
1552 4770 1623 4844 qdod
1646 4771 1674 4827 in
1693 4785 1727 4826 ω
1748 4779 1843 4827 maner

219 4847 335 4903 orinotinr
354 4857 443 4902 nrrctor
453 4865 484 4902 uc
496 4846 639 4918 Donamus,
653 4868 726 4921 quern
737 4853 802 4908 nihil
816 4852 894 4910 Puter
906 4857 981 4925 celent,
1036 4865 1133 4932 paren
1149 4881 1237 4937 neque
1251 4864 1339 4920 solum
1355 4873 1456 4932 ῃιεῃρι,
1469 4867 1516 4920 sed
1543 4870 1571 4920 et
1594 4869 1723 4934 operatur
1747 4869 1777 4918 et
1801 4863 1843 4918 ιο.

220 4944 309 5014 inquo
323 4944 811 5016 amnesthreruuriscieutieeruut.Quia
825 4960 910 5008 terren
924 4955 983 5010 uls·
1036 4961 1149 5032 qrritus3
1173 4975 1261 5034 neque
1288 4958 1376 5017 solum
1412 4968 1539 5031 operatur
1566 4969 1593 5015 ot
1625 4957 1764 5029 loquitur,
1792 4957 1842 5015 sed

221 5037 381 5101 consisunt,
397 5034 610 5094 recterrese'irese
631 5042 794 5114 dicir,quod
813 5059 912 5101 nonest
930 5049 984 5103 elo·
1036 5061 1065 5109 et
1095 5055 1203 5110 ridetur
1237 5053 1285 5127 (e),
1321 5067 1374 5108 non
1410 5052 1464 5110 sint
1493 5053 1685 5124 nuncupativa,
1706 5050 1755 5108 sed
1789 5065 1840 5108 se.

219 5129 356 5199 quendum.
372 5127 450 5185 3⁰¹¹⁴⁸
463 5136 547 5202 ‘issiu‘
560 5131 640 5187 Pam
656 5134 827 5209 dieurjudr'cr'r·
843 5138 909 5208 κί’,
924 5141 984 5210 orric
1037 5159 1091 5212 ra,
1114 5146 1177 5203 dum
1200 5147 1281 5204 hahet
1306 5146 1333 5202 in
1368 5159 1399 5202 se
1419 5161 1467 5218 per
1487 5157 1688 5205 sacramentum
1711 5143 1844 5202 nativita-

223 5239 264 5315 (ι)
280 5241 319 5295 Ad
337 5241 496 5297 diuinitatem
507 5243 651 5300 indiscrete
665 5255 775 5305 ttdldroe.

223 5355 263 5430 (a)
278 5355 307 5411 ln
318 5354 434 5426 rulqatis
447 5363 474 5412 et
484 5357 621 5414 uonrrullis
637 5375 703 5416 mss.
718 5363 864 5419 indiscrete
873 5373 984 5422 noturn.
1039 5368 1067 5425 in
1081 5383 1135 5439 quo
1151 5367 1264 5435 lsalritat,
1277 5368 1452 5424 subsistentia
1470 5385 1524 5425 non
1543 5385 1593 5426 urna
1612 5370 1782 5443 significatur
1794 5393 1802 5429 r
1814 5384 1843 5433 et

185 5428 216 5486 lu
231 5428 396 5516 soloocodiee
410 5428 469 5482 hus.
484 5427 701 5510 Vatpdiscrene,
714 5435 789 5504 cujm
801 5452 905 5493 neesson
918 5435 987 5493 Car-
1038 5447 1238 5510 cousequenter
1259 5439 1410 5496 ostenditur
1434 5441 1572 5511 nativitas,
1596 5458 1648 5513 qua
1675 5445 1734 5502 sola
1754 5445 1843 5506 sirius

186 5507 350 5565 nut.,trrum
375 5499 556 5563 Colu.,uu1us
575 5501 818 5570 Serbon.,llartin.
842 5523 872 5562 aa
892 5508 985 5567 Germ.
1040 5510 1135 5566 alirrsa
1150 5511 1230 5566 Patre
1244 5511 1377 5566 subdatis.

186 5569 349 5641 munsture
363 5570 521 5654 sustulimus
535 5570 633 5631 deiude
645 5576 804 5632 vocabulum
819 5593 930 5635 naturoe.
1075 5582 1111 5653 (c)
1127 5583 1200 5653 Lips.
1215 5592 1242 5639 et
1255 5584 1328 5648 Pam,
1343 5583 1378 5637 nd
1391 5587 1603 5643 circumcideretis·

249 5640 263 5715 )
284 5640 313 5698 td
327 5649 384 5708 est,
406 5641 579 5700 susbsistemia
598 5646 727 5704 distincti.
743 5647 837 5722 Neque
858 5667 922 5708 uero
941 5653 986 5710 lric
1076 5655 1116 5727 (d)
1128 5655 1155 5710 lu
1168 5669 1219 5711 rurs.
1234 5655 1353 5720 thulin,
1367 5658 1518 5714 uoluntatis.

242 5706 249 5717 ¹t.

290 5712 443 5857 ww
456 5715 582 5845 muts
595 5734 602 5772 ε
615 5718 737 5802 sedeam
748 5721 818 5805 alius
830 5723 867 5825 sit
877 5723 984 5810 quilii}
1073 5724 1109 5809 te)
1123 5725 1184 5793 Par,
1203 5734 1263 5795 post
1275 5725 1399 5814 Lipsium·
1418 5728 1530 5800 pruhro
1551 5729 1710 5817 hic-puncto
1729 5734 1842 5806 subiicit

574 5801 583 5856 t
603 5789 690 5848 Patris
705 5786 863 5863 habitantis,
877 5803 905 5851 et
924 5794 985 5854 situ
1036 5785 1145 5866 demde,
1160 5794 1223 5854 lion
1237 5808 1307 5866 snut,
1321 5803 1400 5868 quast
1414 5801 1473 5860 hcet
1487 5797 1699 5878 aslrperroirirus
1712 5802 1841 5867 assotum
