3884 6136
133 211 188 269 ult

732 211 834 267 studit
853 212 990 269 cuatus
1010 212 1225 273 ,luxuu'llttst

1737 232 1790 292 els

129 341 177 387 tur
195 349 201 384 :
219 329 285 384 arilei
307 336 381 385 carle
395 326 442 384 ille
457 344 602 399 numquam
622 328 695 383 aliud
713 345 792 397 qnam
809 329 933 385 diabolus
946 333 973 394 Α
986 330 1114 399 scriptum
1127 340 1167 386 est
1180 331 1206 386 in
1222 331 1367 402 Evangelio
1381 349 1387 384 :
1401 331 1466 388 uec
1477 342 1513 389 ert
1523 347 1607 391 etatem
1620 340 1671 393 aim
1681 353 1788 412 aterna,

129 423 204 489 erit,
228 420 289 493 quia
314 421 431 476 brianus
444 432 485 475 est
504 439 510 472 :
526 436 612 491 neque
629 437 679 491 par
703 422 856 489 aliquarum
878 437 936 476 unr-

127 530 215 586 quam
238 514 385 585 optabitur,
401 513 453 570 uisi
467 529 573 581 corum,
599 516 643 585 qui
658 515 807 571 secuudum
832 528 937 585 patrum

126 619 288 666 nostrorum
303 609 375 680 apud
388 607 506 665 Nicaeam
531 617 684 674 tractatum,
699 606 937 663 anathematizatis

126 703 260 773 Arianis,
271 703 409 760 Christum
424 703 509 760 Delam
525 718 619 760 rerum
633 701 828 773 praedicabunt.
844 700 882 774 (a)

187 841 228 917 (b)
249 840 441 899 sxsltrsuu
459 838 689 898 uuaseflslllAE
709 838 886 897 auxentii.

122 958 300 1019 Beatissimis
327 966 354 1016 ct
370 958 573 1030 gloriosissimis
601 957 808 1028 imperatoribus
837 956 935 1012 llalen-

166 1052 274 1109 tiniano
292 1061 320 1108 et
333 1051 441 1108 Valenti
461 1051 602 1123 Augustis,
622 1049 778 1107 Arrxenlius
792 1048 935 1120 episcopus

165 1147 292 1204 caetrata
307 1146 343 1217 (cl
354 1145 495 1201 eatbaltca
508 1143 759 1201 mediolanensium.

164 1263 214 1318 15.
235 1261 378 1316 Assentior
394 1261 526 1316 itereticus
540 1259 696 1330 appellatus.
721 1288 757 1299 -
778 1276 787 1310 a
805 1258 862 1329 Ego
876 1258 936 1329 qni-

119 1353 204 1418 dern,
217 1353 329 1424 piissimi
344 1352 533 1421 Imperatores,
550 1352 717 1406 aestimonon
733 1359 859 1421 oportere
874 1365 936 1406 scu-

117 1456 272 1505 centoram
287 1448 476 1517 episcoporum
492 1446 622 1501 unitatem
639 1453 701 1516 post
722 1453 812 1499 tarrtos
827 1444 935 1499 labores

989 430 1015 474 al
1031 431 1185 493 cognoscant
1199 432 1222 477 le
1237 423 1320 477 soluta
1332 441 1418 478 uerunt
1434 423 1538 493 Dettnt,
1562 439 1585 482 tl
1600 448 1674 500 quern
1698 435 1789 490 rnisr'sli

987 513 1076 571 desum
1105 515 1234 572 Christum
1257 514 1346 589 (loon.
1377 534 1441 585 xvn,
1465 519 1503 591 5).
1524 520 1577 577 Per
1604 523 1691 594 ipsum
1716 528 1787 583 enim

988 609 1077 664 narnia
1094 609 1161 664 lacta
1178 619 1251 676 sunt,
1268 610 1383 665 risibilia
1397 621 1421 666 el
1438 613 1593 696 invisibilia.
1608 617 1659 686 Qui
1674 619 1789 677 descen·

988 700 1026 755 dit
1049 700 1083 757 dc
1098 703 1175 759 coelis
1189 703 1327 759 voluntate
1343 704 1428 760 Patris
1444 719 1555 778 propter
1575 723 1696 768 nostram
1717 716 1790 771 salu-

989 804 1053 863 tem,
1067 806 1145 852 natus
1158 796 1192 853 de
1207 796 1309 867 Spiritu
1323 806 1418 853 sancto
1431 807 1458 852 et
1472 799 1555 856 llaria
1567 801 1676 875 Virgine
1688 821 1788 863 secun·

987 889 1050 945 dum
1071 906 1193 959 carnem,
1210 894 1280 948 sient
1297 894 1428 964 scriptum
1446 905 1504 959 est,
1519 906 1545 952 el
1560 900 1717 958 crucifixum
1737 905 1788 961 sub

988 983 1083 1040 Pontio
1097 985 1194 1050 Pilato,
1209 988 1356 1055 sepultum,
1372 988 1450 1044 tertia
1462 989 1506 1044 die
1519 994 1720 1061 resurrexisse,
1740 998 1789 1053 ad·

986 1077 1125 1133 scendisse
1139 1079 1165 1132 in
1180 1079 1274 1143 coelis,
1289 1080 1384 1136 sedere
1398 1080 1432 1136 ad
1450 1083 1589 1139 dexteram
1608 1086 1705 1155 Patris,
1722 1105 1789 1146 ren·

988 1177 1076 1224 lurum
1099 1170 1222 1240 judicare
1247 1172 1321 1226 viros
1342 1181 1369 1227 et
1392 1183 1522 1228 mertuos.
1548 1176 1581 1230 Et
1606 1178 1631 1232 in
1656 1178 1787 1247 Spiritum

986 1271 1109 1317 salictum
1133 1263 1315 1333 paracletum,
1330 1280 1410 1333 (quem
1432 1265 1505 1320 misit
1524 1267 1653 1324 [taurinas
1672 1283 1698 1325 et
1718 1273 1788 1328 Deus

987 1366 1079 1411 noster
1093 1357 1211 1412 salvator
1225 1357 1304 1413 iesus
1321 1359 1403 1431 602
1420 1359 1544 1415 Claristus
1561 1361 1712 1433 discipulis,
1728 1365 1789 1436 Spi-

986 1450 1066 1504 ritum
1081 1451 1213 1506 veritatis.
1226 1451 1271 1505 Sic
1282 1451 1395 1512 credidi.
1408 1464 1435 1507 et
1445 1452 1538 1520 eredo,
1546 1453 1626 1510 sicuti
1636 1468 1663 1511 et
1676 1457 1788 1514 adscen-

117 1556 159 1597 εει
181 1540 358 1599 contentione
373 1553 519 1609 paucarum
539 1537 679 1594 hominum
703 1536 827 1591 refricari
842 1535 882 1605 ld)
900 1534 935 1589 ab
985 1540 1052 1597 dens
1067 1543 1093 1597 ia
1108 1544 1193 1599 eoelos
1205 1545 1300 1599 uniens
1316 1542 1385 1597 diins
1398 1544 1445 1599 [tei
1461 1545 1569 1600 tradidit
1584 1548 1736 1618 discipulis,
1748 1551 1789 1608 di·

118 1633 243 1704 abieclis
256 1641 319 1688 aute
338 1645 424 1687 atrnos
437 1631 543 1695 decem,
558 1630 629 1684 sicut
642 1640 670 1684 ct
690 1629 791 1698 scripta
807 1626 935 1684 rarauilcs-
985 1651 1049 1691 cens
1067 1636 1188 1692 :linates
1204 1637 1291 1692 docete
1305 1654 1392 1692 carries
1407 1649 1505 1709 pentes,
1520 1640 1683 1711 baptizantes
1701 1661 1745 1701 eos
1762 1647 1789 1700 in

118 1733 197 1781 erint.
210 1724 264 1783 Sed
276 1725 298 1780 si
312 1723 395 1794 aliqui
407 1739 439 1778 cx
453 1723 540 1793 plebe,
558 1723 603 1793 qui
616 1738 760 1791 numquam
778 1721 929 1777 corrrmual·
944 1734 969 1795 Β
984 1730 1086 1782 aonrine
1097 1728 1187 1784 Patris
1201 1740 1225 1784 et
1239 1726 1303 1784 Filii
1313 1739 1339 1784 et
1350 1730 1466 1801 Spiritus
1476 1733 1558 1787 suncti
1570 1733 1677 1804 (Morta.
1690 1753 1787 1807 nsvin,

117 1827 266 1887 caverant,
280 1834 329 1875 nec
343 1818 385 1874 his
394 1820 439 1890 qui
452 1826 514 1874 ante
528 1816 686 1872 meluerunt
696 1816 843 1887 episcopis,
859 1831 930 1871 rrurro

114 1914 246 1984 amplius
259 1914 367 1970 excitati
382 1913 416 1967 ab
438 1911 539 1967 llilario
552 1920 578 1967 cl
593 1911 721 1976 Eusebio,
738 1910 930 1980 perturbantes

115 2007 269 2077 quosdam,
297 2005 456 2061 haereticam
481 2020 525 2060 me
548 2012 733 2059 rocaverunt:
757 2004 841 2072 jussit
864 2017 930 2059 rere

113 2100 213 2169 picus
238 2107 330 2155 restra
353 2113 518 2168 cognoscere
545 2096 579 2153 de
606 2097 648 2150 lris
669 2097 743 2150 viras
767 2095 928 2164 larudabiles,

118 2196 298 2266 Quaererem
311 2207 339 2253 ct
355 2197 511 2268 Magistrum
528 2203 577 2251 :et
591 2194 660 2250 sicut
673 2182 798 2266 praediri,
814 2209 867 2247 non
882 2207 930 2248 ees

121 2304 276 2361 personam
292 2289 392 2346 lubere
407 2298 593 2344 accusatorum
604 2297 649 2341 aut
659 2285 783 2356 judicare
793 2285 838 2355 qui
848 2283 943 2340 semel

120 2384 247 2455 depcrsiti
258 2394 322 2440 sunt
339 2383 411 2455 (dico
432 2392 522 2439 autem
538 2381 667 2437 Hilarium
684 2378 769 2448 etqui
781 2379 805 2433 ei
817 2392 933 2434 consen·

125 2475 212 2547 tiunt)
225 2494 232 2529 :
250 2487 339 2533 tamen
352 2475 482 2532 obediens
495 2473 638 2530 Serenitati
651 2481 761 2535 vestrm,
774 2470 855 2542 001
870 2483 933 2538 pro·

120 2572 200 2628 cessi
220 2571 393 2626 manifestare
415 2569 481 2624 laisa
504 2566 545 2639 (e)
570 2565 732 2633 dicentibus,
752 2572 780 2619 ct
804 2560 933 2632 blaspbe-

119 2665 278 2729 mantibus,
294 2672 321 2719 el
333 2663 493 2719 vocantibus
515 2676 557 2715 rne
572 2662 718 2724 Asianum,
741 2667 769 2713 cl
786 2657 862 2728 quasi
877 2670 931 2711 non

119 2755 305 2812 corrdtenlern
315 2752 453 2811 Clrristum
470 2754 553 2809 lilium
568 2752 615 2807 liei
632 2752 717 2806 ileum
731 2764 803 2805 csse.

163 2845 211 2902 ld,
228 2844 320 2901 Fidem
340 2864 415 2902 suana
435 2847 549 2919 reponit.
566 2861 627 2895 -r
651 2842 771 2911 Exposui
786 2840 820 2912 (l)
836 2840 931 2896 amieis

117 2942 236 3012 pietatis
246 2952 345 2998 restrae
358 2956 446 2997 meam
459 2939 671 3004 corrlessinnem,
687 2938 802 3007 primum
822 2933 930 2991 satisla·

114 3034 214 3101 ciens,
231 3032 294 3104 quia
308 3049 454 3105 numquam
470 3035 509 3107 (p)
523 3032 589 3087 sciri
603 3031 710 3093 Arium,
727 3045 780 3084 non
798 3027 853 3083 vidi
867 3041 931 3082 rreu-

983 1820 1029 1890 ldl
1050 1819 1093 1893 (i).

1019 1913 1062 1968 ts.
1079 1916 1235 1971 Ariminensi
1247 1917 1308 1986 fidei
1318 1917 1442 1972 adderet.
1452 1937 1509 1970 -r
1529 1920 1600 1976 Duos
1614 1931 1704 1977 aulem
1720 1924 1786 1980 dens

982 2022 1128 2076 numquam
1143 2009 1287 2078 predicari
1304 2029 1311 2065 :
1327 2025 1378 2067 nec
1391 2012 1464 2067 enim
1481 2021 1545 2067 sunt
1563 2012 1618 2067 duo
1639 2026 1740 2083 patres,
1757 2025 1788 2072 ut

982 2098 1036 2153 duo
1049 2099 1086 2154 dii
1100 2099 1235 2165 dicantar,
1247 2116 1298 2157 nec
1310 2102 1364 2158 duro
1379 2103 1441 2166 lilii;
1456 2105 1504 2158 sed
1520 2119 1589 2158 unus
1600 2105 1670 2162 lilius
1683 2123 1717 2163 ex
1731 2124 1786 2166 uuo

982 2201 1068 2263 patre,
1083 2193 1157 2249 solus
1171 2194 1267 2260 asulo,
1282 2196 1353 2251 Deris
1364 2212 1396 2251 er
1413 2197 1478 2262 Deir,
1493 2199 1562 2252 sicut
1575 2198 1709 2269 seriptum
1724 2209 1786 2257 cst:

986 2283 1058 2338 Unus
1085 2285 1163 2341 Peter
1187 2286 1381 2358 Drusosque
1404 2289 1500 2351 onrraio,
1522 2301 1547 2343 et
1571 2307 1637 2344 rtrrns
1661 2289 1788 2349 Darrrinas

982 2375 1061 2432 destas
1072 2377 1190 2434 Claristrts
1199 2397 1244 2450 per
1254 2396 1329 2449 quern
1339 2381 1425 2434 omnin
1435 2381 1455 2452 (l
1468 2378 1528 2435 Cor.
1541 2397 1599 2443 rrtr.
1614 2381 1642 2454 li)
1657 2402 1662 2437 :
1678 2396 1788 2454 propter

982 2471 1055 2540 quod
1077 2481 1106 2527 et
1128 2488 1208 2528 ranam
1233 2473 1361 2528 deitatem
1386 2475 1574 2543 predicamus.
1597 2477 1698 2533 0nrrres
1721 2493 1787 2550 ergo

985 2564 1113 2632 haereses,
1136 2581 1197 2636 quaa
1218 2565 1348 2620 adversus
1370 2564 1532 2620 catholicam
1558 2566 1637 2622 ddern
1663 2568 1787 2637 ueniunt,

983 2672 1092 2726 semper
1112 2657 1221 2726 quidem
1244 2658 1399 2726 eorrpregari
1425 2657 1545 2729 episcopi
1570 2659 1696 2715 catlraliei
1718 2677 1787 2716 con·

982 2748 1182 2803 damnauerunt
1194 2756 1221 2803 ct
1235 2749 1543 2814 anartlrematizaverunt,
1560 2752 1715 2820 specialiter
1734 2768 1785 2809 au·

983 2850 1037 2897 tera
1052 2842 1247 2897 conuenientes
1259 2841 1393 2908 Arimino,
1412 2853 1440 2898 et
1454 2842 1515 2899 inde
1530 2844 1783 2904 condemnavimus.

983 2936 1149 2991 Catholicanr
1166 2943 1255 2990 atrtem
1274 2945 1302 2990 et
1325 2935 1549 3005 lirangelimum,
1564 2954 1643 3008 quant
1666 2939 1786 2996 tradide-

982 3038 1046 3083 ruut
1060 3027 1193 3097 Apostoli,
1206 3027 1276 3082 bane
1290 3028 1408 3083 lideliter
1422 3028 1630 3086 custodivimus.
1644 3031 1681 3088 Ut
1692 3043 1785 3090 autem

113 3125 175 3193 lis,
199 3140 255 3182 noa
274 3127 389 3198 cognovi
408 3125 467 3196 ejus
487 3123 637 3180 doctrinam
654 3139 661 3176 :
676 3120 724 3178 sed
746 3136 781 3177 ex
801 3119 928 3185 infantia,
944 3147 967 3212 C
984 3123 1068 3193 pietas
1084 3132 1173 3177 resera
1187 3123 1278 3177 uerius
1297 3133 1475 3193 cognosceret
1488 3139 1530 3187 ea,
1546 3140 1607 3194 quae
1627 3138 1703 3194 gesta
1721 3134 1785 3184 sunl

113 3219 354 3294 quemadmodum
368 3220 465 3276 dirctus
480 3234 549 3285 sum,
569 3217 639 3274 sicut
660 3216 752 3285 accepi
774 3214 808 3271 de
828 3213 929 3270 sanclis
981 3217 1008 3271 in
1023 3217 1140 3271 concilio
1148 3213 1324 3282 Ariminensi,
1336 3215 1483 3283 transmisi,
1493 3224 1521 3272 et
1534 3224 1597 3288 peto
1613 3227 1641 3273 ut
1654 3235 1685 3274 ea
1698 3220 1785 3275 liben-

115 3312 287 3384 Scripturis,
302 3313 418 3380 credidi,
434 3313 556 3369 etcredo
574 3312 600 3366 in
621 3325 704 3367 unrmr
724 3311 810 3366 solum
832 3322 926 3363 verum
980 3318 1022 3365 ter
1042 3310 1093 3380 legi
1114 3310 1277 3379 pracsspiatis
1294 3327 1300 3363 :
1319 3309 1359 3364 sic
1381 3309 1454 3364 enim
1477 3319 1625 3380 cognoscet
1646 3313 1785 3370 serenitas

115 3407 214 3464 Deum
229 3416 331 3478 patrem
347 3408 570 3480 omnipotentem,
586 3407 760 3469 invisibilem,
776 3403 928 3474 impassibi-
979 3410 1081 3465 vestra,
1103 3403 1165 3471 quia
1184 3403 1229 3472 qni
1251 3403 1306 3471 jam
1327 3402 1428 3458 dudum
1445 3404 1483 3475 (j)
1499 3404 1615 3472 depositi
1636 3417 1710 3474 sunt,
1732 3406 1785 3464 hoe

113 3499 192 3567 lem,
207 3500 388 3557 immortalem
403 3518 411 3555 ι
425 3511 452 3557 ει
473 3503 499 3556 in
514 3502 598 3556 lilium
613 3501 670 3571 ejus
688 3498 854 3570 unigenitum
874 3498 927 3553 llo-
979 3506 1031 3558 est,
1049 3495 1167 3550 Hilarius
1182 3506 1209 3550 et
1225 3495 1376 3562 Eusebius,
1392 3497 1562 3553 contendunt
1580 3498 1680 3570 nlriqnc
1697 3501 1786 3557 schis-

113 3592 229 3647 minum
245 3603 366 3648 nastrum
379 3593 469 3649 iesum
484 3593 631 3657 Cirrismm,
647 3601 711 3647 ante
724 3591 813 3645 omnia
827 3589 928 3646 saecula
980 3598 1051 3642 mata
1071 3589 1171 3644 lacere.
1192 3588 1258 3657 Qirm
1278 3589 1350 3643 enim
1374 3589 1444 3644 bene
1464 3589 1497 3645 de
1517 3591 1619 3646 sanctis
1637 3591 1785 3659 seripturis

113 3689 150 3738 et
172 3690 240 3737 ante
261 3698 342 3741 omne
369 3684 529 3754 principium
561 3695 654 3743 natum
681 3698 715 3740 ex
747 3684 825 3738 Patre
852 3682 928 3738 [leurs
980 3680 1431 3751 catlrolicaelideiexpositasunt,
1448 3683 1640 3752 pietasreslra
1661 3684 1784 3754 pervidet

115 3773 164 3847 (la)
178 3789 273 3833 rsaou
286 3791 381 3834 rturuu
394 3794 427 3834 cs
444 3792 508 3834 rere
522 3779 577 3834 ileo
589 3786 674 3848 patre,
686 3776 834 3833 secundum
856 3774 930 3846 quod

171 3959 201 4027 a)
223 3956 252 4010 ln
263 3970 315 4012 ms.
327 3958 408 4013 Carra.
424 3958 549 4042 adjicitur
561 3958 788 4042 clausula-Amen.
886 4027 892 4039 υ

172 4027 202 4097 b)
231 4027 367 4112 lta'rnss3,
394 4045 445 4086 nec
462 4032 540 4087 aliter
563 4031 633 4084 salet
659 4030 774 4112 llrlgrrras
801 4028 925 4084 lueretrea

114 4095 260 4238 Qumis
274 4104 431 4158 suscribere.
447 4101 568 4169 Atediti,
585 4101 707 4156 Arraentir
724 4098 927 4155 Alediolnnensls

172 4242 472 4386 ᾏΑὲἓῗΐίῗωέιοίινιίιέιεθί
485 4244 733 4385 r:elisisgilfhdecretis.
757 4314 797 4371 Nc
820 4313 848 4369 in
873 4328 927 4368 uuo

981 3773 1039 3829 haec
1054 3773 1196 3830 retractari
1209 3789 1264 3829 non
1278 3786 1415 3842 oportere.
1435 3792 1445 3826 r

979 3957 1017 4011 sis
1033 3973 1061 4011 a.
1078 3956 1123 4022 ld,
1138 3956 1208 4026 apud
1230 3957 1405 4013 Ambrosium
1426 3968 1446 4013 t.
1462 3976 1491 4024 n,
1508 3977 1534 4030 p.
1551 3961 1615 4025 790,
1630 3977 1707 4016 novar
1722 3959 1782 4017 edl-

980 4029 1072 4092 tioais,
1089 4030 1248 4098 rogantibus
1261 4028 1357 4084 ntArii
1371 4031 1525 4086 doctrinam
1535 4033 1656 4100 damnet,
1671 4048 1783 4103 respon·

979 4099 1042 4154 dcl:
1061 4098 1153 4152 Arium
1164 4116 1209 4154 aec
1222 4100 1285 4162 uidi,
1297 4117 1343 4154 nec
1354 4103 1407 4155 scia
1420 4104 1465 4174 qui
1475 4105 1515 4157 sit.

1015 4167 1054 4241 (t)
1068 4171 1108 4224 Ex
1123 4171 1309 4227 vetustissimo
1321 4172 1456 4228 vaticanae
1466 4174 1583 4230 basilicae
1593 4175 1688 4231 codice
1710 4191 1781 4233 nunc
1816 4177 1821 4185 '

980 4242 1096 4311 prirnum
1112 4244 1291 4297 restituuntur
1305 4244 1398 4304 verlra,
1414 4259 1500 4299 uerum
1514 4247 1606 4313 pintan,
1622 4263 1735 4311 ipitnrurn
1753 4249 1781 4305 in

978 4312 1105 4382 urnlriguo
1117 4313 1266 4369 Auxentius
1278 4314 1386 4370 ludebat
1398 4325 1426 4372 et
1436 4316 1567 4372 illudebat
1579 4331 1652 4373 rarrto
1663 4320 1779 4385 lacibus,

117 4386 235 4460 quidem
250 4401 302 4440 ms.
316 4397 405 4442 exstat
417 4388 578 4440 uocabulum
601 4387 709 4441 arerem
727 4387 846 4458 :quoda
872 4385 926 4453 pri·
978 4382 1050 4450 quod
1079 4385 1326 4453 interpunctionnm
1353 4385 1491 4442 distinctio
1514 4400 1568 4443 tnrn
1596 4390 1777 4448 nesciebatur.

116 4460 176 4514 ruis
197 4455 348 4512 editoribus
372 4457 442 4513 lrand
463 4458 544 4512 dubie
570 4459 704 4526 adiectum
726 4469 778 4523 est,
795 4467 823 4512 ut
839 4455 924 4510 aratio
977 4454 1145 4522 Quamquam
1160 4457 1182 4510 si
1198 4471 1277 4511 verus
1288 4467 1330 4512 est
1347 4457 1417 4511 [letis
1431 4460 1476 4529 qui
1488 4475 1568 4516 rerns
1582 4470 1621 4516 est
1637 4461 1681 4516 ilci
1696 4462 1778 4527 lilius,

116 4531 180 4586 suis
194 4529 315 4583 numeris
336 4528 534 4585 absolveretur.
555 4528 608 4583 Sed
625 4529 779 4598 praepositio
792 4529 840 4590 ab,
862 4535 924 4583 ante
978 4528 1015 4579 mi
1031 4525 1201 4582 demonstrat
1215 4528 1332 4583 llilarius
1346 4529 1392 4583 lib.
1408 4545 1443 4584 vn
1466 4531 1499 4586 de
1511 4530 1587 4587 Trin.
1602 4549 1629 4585 n.
1642 4532 1686 4592 lb,
1703 4532 1778 4601 parri

113 4599 241 4674 abjectis,
256 4607 367 4670 propter
390 4610 600 4669 corrsequentcm
617 4602 736 4668 ejusdem
757 4602 816 4654 soni
838 4574 964 4668 sylla-D

114 4672 185 4729 bam
202 4667 308 4725 facilins
331 4670 457 4726 excidere
481 4670 577 4740 proluit,
593 4686 671 4740 quam
696 4671 813 4737 decretis,
840 4684 925 4735 caque

978 4597 1111 4653 interesse
1125 4598 1276 4660 uidebatur,
1292 4607 1381 4653 ulrum
1397 4617 1483 4655 uersam
1495 4602 1527 4656 ad
1544 4604 1638 4667 lleurn,
1654 4617 1687 4655 au
1700 4603 1733 4656 ad
1746 4600 1779 4655 li-

978 4667 1044 4722 lium
1059 4671 1183 4724 relerret.
1200 4668 1236 4724 Ea
1254 4680 1343 4724 tamen
1359 4680 1418 4726 arte
1432 4688 1462 4725 ae
1477 4672 1583 4727 dicendi
1603 4673 1707 4726 ratione
1723 4686 1777 4726 non

115 4744 250 4800 restituta
265 4751 318 4795 tam
334 4740 457 4797 ‘allicitur
479 4754 575 4796 sensns
589 4741 695 4796 veritati
715 4752 924 4808 consentaneas,
977 4739 1023 4793 ille
1038 4740 1123 4799 solus,
1140 4740 1188 4793 sed
1203 4739 1250 4794 alii
1263 4743 1346 4795 etiam
1361 4741 1401 4793 nsi
1418 4750 1480 4797 sual
1497 4742 1608 4805 Ariani,
1624 4743 1658 4797 de
1680 4743 1778 4810 quibus

111 4829 205 4883 quam
220 4812 389 4868 elliciebatur
413 4812 497 4867 salsus
520 4812 675 4881 arljectiune
702 4812 777 4868 verbi
804 4811 923 4867 decretis.
975 4808 1143 4879 Augustinus
1165 4811 1211 4865 lib.
1234 4826 1243 4864 r
1272 4827 1321 4865 curn
1338 4826 1367 4866 ra
1387 4812 1526 4867 liariruin.
1547 4829 1572 4867 e.
1593 4814 1631 4868 6:
1649 4812 1777 4876 Eiusdem

114 4883 221 4941 Hilarii
243 4897 316 4939 entnt
330 4893 412 4954 alque
431 4884 541 4938 Euselrd
555 4884 649 4938 exsilia
667 4883 710 4939 uie
734 4883 847 4938 indicari
867 4883 924 4951 jam
976 4891 1088 4945 nnlnroe,
1111 4883 1185 4952 cujas
1200 4891 1237 4935 est
1261 4880 1351 4943 Pater,
1376 4885 1475 4954 raegalis
1495 4899 1550 4939 esse
1571 4882 1654 4937 Druna
1676 4885 1775 4952 lilium,

115 4956 348 5024 praemonuimus.
370 4962 397 5009 el
416 4970 450 5010 ex
469 4954 543 5010 calce
560 4954 637 5023 liuius
654 4954 827 5024 blasphemiae
840 4951 927 5008 maai-

118 5025 225 5083 lestnm
241 5034 292 5093 est,
308 5025 352 5081 ubi
365 5025 480 5094 idipsum
494 5035 614 5094 apertius
627 5026 790 5080 declaratur.

172 5097 199 5169 e)
215 5096 261 5154 Sic
274 5111 340 5152 mss.
355 5095 429 5152 sorti
442 5109 519 5160 vcro,
536 5097 604 5167 {atra
616 5096 776 5151 dacerrtibus.

173 5172 201 5240 l)
228 5169 306 5223 llunc
326 5182 446 5234 veronna,
471 5169 581 5238 exposui
600 5168 689 5222 amieis
711 5168 812 5238 pietatis
834 5176 925 5223 aestrae

120 5256 210 5295 mecm
224 5238 427 5366 confessionem,
442 5254 495 5293 rron
510 5237 611 5294 habent
624 5255 690 5294 uass.

159 5308 200 5387 (p)
215 5309 255 5367 lta
281 5323 328 5367 ere
344 5308 484 5367 Palladius
498 5310 525 5364 in
540 5312 625 5382 gestis
644 5310 752 5368 coucilii
764 5310 923 5382 Aquileien·
976 5317 1026 5378 est,
1038 5317 1105 5374 etc.;
1119 5314 1286 5380 castigantur
1300 5325 1335 5367 ex
1347 5324 1414 5366 mss.

978 4953 1093 5018 quarmuis
1114 4968 1199 5005 uerum
1221 4969 1275 5006 erse
1298 4954 1381 5022 lilium
1401 4970 1451 5007 aaa
1475 4956 1581 5024 arpotis.
1604 4955 1703 5010 Verum
1724 4954 1778 5012 huc

979 5023 1039 5077 laco
1063 5024 1102 5077 sic
1123 5031 1286 5088 restaurato,
1309 5026 1398 5079 orrrnis
1417 5024 1471 5094 jam
1492 5025 1595 5081 tollitur
1608 5027 1721 5083 cruditis
1741 5027 1777 5084 de

979 5093 1060 5163 hujus
1075 5094 1197 5162 epistola
1211 5098 1326 5150 veritate
1338 5095 1479 5151 dubitandi
1494 5097 1573 5152 ratio.

1026 5167 1051 5234 i)
1068 5164 1315 5221 SubteriturAmen
1328 5168 1354 5221 in
1369 5183 1419 5223 ms.
1434 5167 1516 5224 ilion.

1024 5239 1049 5309 j)
1069 5236 1150 5304 Editi,
1167 5237 1227 5308 quia
1244 5239 1303 5307 joar
1318 5238 1415 5294 dudunt
1435 5239 1562 5309 dorsuali,
1585 5239 1706 5312 depositi,
1727 5240 1777 5297 laec

883 5511 1018 5680 'edd

387 5810 524 5874 Puram.
540 5809 583 5873 X.
