3884 6136
736 778 1226 930 ELENCHUS

221 1261 477 1350 OPERUM
504 1262 644 1377 QUAE
670 1263 732 1352 IN
761 1263 887 1357 HOC
913 1265 1229 1358 VOLUMINE
1266 1264 1723 1352 CONTINENTUR.

400 1698 1439 1757 -ψ--ᾒῦθῢ--ψπ-ν-

231 2189 280 2251 De
292 2185 452 2253 Trinitate
463 2186 536 2254 libri
551 2186 732 2254 duodecim.

234 2290 332 2354 Liber
347 2290 386 2354 de
396 2290 532 2374 synodis
549 2309 608 2355 aen
621 2292 699 2356 Fide
716 2290 943 2356 Orientalium.

229 2391 443 2473 apologetica
458 2392 499 2459 ad
512 2393 765 2474 reprehensores
780 2394 855 2458 libri
874 2395 916 2458 de
932 2391 1069 2479 synodis
1088 2404 1256 2473 responsa.

229 2490 348 2561 Hilarii
363 2491 502 2573 epietoia
514 2491 556 2557 ad
569 2493 690 2560 Abram
706 2493 808 2559 tiliam
824 2509 929 2562 auam.
1266 2495 1270 2500 ’

228 2588 377 2672 Hymnus
392 2590 495 2655 eidem
511 2592 554 2657 ab
570 2591 683 2657 eodem
696 2593 827 2658 missus.
923 2624 926 2629 ·

228 2692 377 2758 Censura
391 2694 526 2759 alterius
541 2694 654 2778 lrymni
666 2695 793 2762 Hilario
810 2711 981 2778 perperam
996 2694 1120 2759 tributi.

228 2795 319 2859 Libri
330 2796 396 2859 dno
410 2795 452 2861 ad
468 2794 692 2862 Constantium
705 2798 903 2882 Augustum.

229 2897 328 2960 liber
342 2900 456 2961 eontra
472 2896 712 2961 Constantium.

228 2999 326 3061 liber
344 3003 460 3063 eontra
473 2998 612 3064 Arianae
627 2999 680 3063 vel
696 3000 908 3064 Auxentium.

229 3101 419 3177 Quindecim
431 3101 627 3184 Fragmenta
640 3123 683 3170 ex
698 3103 804 3185 Opere
817 3104 993 3183 ilistorioo.

227 3204 424 3284 Fragmenta
438 3222 480 3269 ex
493 3204 566 3270 aliie
581 3205 613 3268 S.
630 3206 746 3270 Hilarii
764 3205 931 3287 operibus.

228 3305 262 3368 S.
275 3304 391 3369 iiilarii
408 3305 556 3386 Epistola
573 3324 632 3374 aon
648 3306 791 3377 libellus
804 3325 879 3373 eum
896 3306 1083 3387 pretatione
1097 3313 1130 3374 et
1142 3305 1438 3376 dissertationibus.

230 3405 342 3469 Sermo
353 3407 390 3468 n.
408 3406 524 3471 Hilarii
536 3407 575 3471 de
588 3408 791 3473 dedicatione
806 3408 962 3473 ecclesia.

229 3513 326 3577 Liber
339 3512 378 3576 de
392 3512 465 3576 Filii
481 3515 514 3576 et
526 3513 631 3577 Patria
647 3513 787 3578 Unitale.

227 3613 324 3677 Liber
339 3612 377 3677 de
391 3612 542 3677 Fsaenlla
553 3613 658 3678 Patrio
671 3616 704 3678 et
715 3613 803 3677 Filii.

125 3711 128 3714 ’
228 3711 353 3778 Nicolai
365 3711 463 3777 Fabri
477 3712 511 3775 in
526 3713 721 3795 Fragmenta
734 3713 850 3780 Hilarii
866 3712 1021 3797 prolatio.
1121 3748 1129 3765 ·

229 3814 330 3878 index
342 3830 452 3877 rerum
464 3815 496 3876 et
510 3814 756 3883 sententiarum.
779 3902 782 3909 Ι

229 3915 331 3983 index
345 3917 547 3986 Fidenarum.
