3884 6136
116 220 171 275 ata
661 217 694 273 lii
714 216 841 275 ttondit
857 217 996 277 (tonina
1016 218 1268 279 transmittitur.
1717 230 1768 287 liii

116 349 181 397 arare
208 335 369 403 Carrouem,
392 332 523 389 llilariaru
550 350 649 413 mortam
677 337 783 393 ienitate
816 337 917 409 polieu-
932 338 1054 407 Aucto,
1069 336 1120 393 boc
1134 345 1193 402 cst,
1208 351 1272 395 narn
1286 339 1390 411 pastori
1405 340 1514 398 licuerit
1535 342 1628 412 lupruu
1641 343 1768 399 lactentum

114 442 167 495 iem
180 430 354 488 decantabat.

154 523 200 581 iv.
218 521 362 578 Constantii
377 521 485 591 palliata
507 521 625 591 impietas
650 538 680 578 ac
704 524 805 594 nefaria
830 540 918 597 perus·

111 617 198 671 cutio.
208 645 245 657 --
256 613 358 684 Quibus
371 628 438 668 aero
452 611 486 667 do
502 612 561 683 ipso
578 611 699 667 ideliber
713 614 794 669 aliam
809 624 919 671 senten-

113 709 182 765 tiam
200 706 310 777 injecit,
326 705 532 777 expendendum
549 714 590 760 est
605 706 692 777 primo
706 706 815 777 arraudo
833 708 919 778 scrip-

113 811 160 856 tas
176 802 223 855 sit.
238 798 376 871 Scriptum
402 813 483 869 porro
500 798 638 853 irruerrteut
664 806 726 868 post
745 797 919 855 Seleucianae

110 892 282 959 Cerneilium,
296 905 329 946 eo
343 892 401 962 ipso
415 898 539 961 ternpore
554 905 625 963 qrro,
638 889 791 947 sozomeno
807 902 886 957 teste,
899 892 917 948 l.

108 984 289 1057 1r‚cap.‘i5,
315 1002 402 1040 omnes
427 983 520 1055 alique
548 984 676 1041 Ecclesiae
701 988 819 1057 quadam
847 988 920 1055 acrasi

110 1077 261 1149 persecutio
275 1076 423 1151 occupauit,
438 1077 587 1149 cajusraodi
598 1078 660 1131 otim
676 1078 722 1133 sab
735 1078 846 1133 ethnicis
871 1081 920 1134 iur-

111 1170 281 1243 parcioribus
297 1181 415 1244 praecata
429 1173 524 1242 [uerat.
551 1170 618 1225 'lum
639 1171 683 1227 ubi
708 1173 917 1243 perspexerint,

108 1266 284 1339 praecipuum
305 1264 502 1336 persecutionis
539 1264 622 1336 lurjus
663 1278 801 1323 alterorum
836 1267 920 1324 luisse

111 1358 326 1427 Constantium,
350 1359 547 1431 persecutionis
558 1376 643 1431 geraus
663 1362 812 1418 attondant.
838 1361 919 1419 Certo

110 1454 164 1511 ille
175 1454 248 1513 dolis
259 1454 345 1528 magis
356 1470 435 1525 ‹puam
453 1465 546 1525 aperta
561 1454 586 1509 ri
602 1463 709 1511 teutaus
723 1456 801 1513 briem
818 1459 920 1515 castiu-

110 1562 218 1621 guere‚
235 1547 340 1602 animas
352 1554 427 1601 tauro
438 1546 530 1617 plures
545 1546 703 1615 occidebat,
720 1559 821 1617 quatuo
835 1549 919 1621 rrragis

110 1642 248 1713 parcebat
260 1640 431 1710 corporibus.
448 1639 577 1707 dammis
590 1641 663 1695 euim
675 1641 763 1717 lupus,
791 1642 849 1697 oris
879 1651 920 1697 ta·

969 429 1111 501 detegere,
1140 447 1204 489 uum
1232 431 1343 489 Presuli
1368 432 1473 491 bostem
1511 436 1574 495 larici
1598 437 1768 497 insidiantem

969 522 1129 579 Cirristiauis
1142 526 1313 583 arraniiostum
1325 527 1425 584 lacere.
1444 527 1525 585 Certo
1549 544 1611 587 cum
1635 530 1770 589 Consiua.-

971 618 1041 684 iius,
1058 618 1095 673 uti
1111 628 1289 673 monstratum
1317 627 1375 685 ost,
1406 620 1503 691 pellem
1530 621 1637 677 ariciam
1661 638 1716 691 pne
1740 637 1770 677 so

970 711 1072 776 lcrret,
1089 720 1116 767 et
1139 713 1258 767 auirmuu
1275 711 1416 782 lapimun;
1441 714 1601 771 alterutrum
1629 715 1771 773 uideamur

970 808 1071 861 amanti
1096 804 1226 861 Ecclesia
1247 806 1355 876 praesuli
1382 809 1536 863 necessario
1564 810 1769 878 prostantium,

970 907 1017 953 aut
1032 899 1090 969 ipsa
1106 897 1236 953 uiruirurn
1252 898 1458 969 persuadendus
1472 908 1500 953 ut
1515 900 1636 970 lupinum
1650 902 1770 957 aniruuua

971 990 1181 1063 deponeret,uut
1195 990 1358 1048 adrnuuondi
1372 993 1462 1063 poprrli
1473 1008 1506 1047 no
1522 993 1596 1063 ipsus
1609 994 1679 1063 pelle
1692 996 1771 1050 cirilla

971 1083 1119 1154 deciperet.
1133 1082 1254 1141 Prirtrum
1267 1083 1351 1149 iliud,
1366 1084 1439 1154 ‹prrod
1452 1083 1592 1139 moderato
1609 1087 1668 1140 airu
1683 1087 1769 1157 tnagis

970 1188 1198 1241 crrrrsentauearn,
1215 1177 1303 1249 primo
1317 1177 1400 1233 etiam
1415 1178 1529 1235 tentarit
1544 1178 1681 1245 Hilarius,
1709 1195 1770 1235 curra

971 1271 1062 1328 libello
1074 1271 1138 1327 dato
1162 1270 1328 1325 audientiam
1343 1270 1376 1325 ab
1393 1271 1556 1343 imperatore
1581 1273 1772 1329 reuerentissi-

971 1380 1014 1421 me
1030 1365 1170 1439 poposcit,
1183 1364 1383 1437 spoponditque
1397 1379 1443 1432 se,
1458 1364 1482 1421 si
1494 1366 1572 1435 copia
1601 1366 1636 1421 de
1660 1366 1713 1421 lide
1726 1381 1773 1423 eo·

971 1476 1028 1516 ram
1044 1460 1103 1530 ipso
1117 1459 1274 1531 disputandi
1290 1460 1342 1515 sibi
1357 1458 1451 1527 liorot,
1479 1462 1536 1529 pari
1564 1461 1717 1517 reuerentia
1734 1461 1773 1515 lo-

971 1562 1107 1611 cuiururn.
1123 1552 1158 1609 dt
1169 1570 1221 1610 nou
1236 1552 1436 1620 obdauitiilnd,
1446 1567 1501 1623 auo
1511 1554 1617 1609 rratanti
1627 1554 1769 1621 Ecclesia,

972 1645 1057 1713 illaeso
1087 1645 1200 1716 alagusti
1236 1646 1360 1708 nitrariae,
1393 1645 1548 1709 eorrstdtum
1591 1655 1770 1717 peroptasset.

110 1752 181 1792 ntea
194 1736 291 1792 audire
304 1749 336 1789 ac
347 1734 431 1790 rideri
442 1734 595 1807 appetebat.
610 1734 667 1791 Neo
679 1735 774 1793 decrat
788 1735 860 1792 unde
872 1735 920 1791 ‹le-
936 1740 958 1801 B
974 1736 1103 1795 llostabat
1115 1737 1195 1809 igitur
1208 1736 1341 1803 altonuu,
1358 1744 1386 1791 ut
1401 1751 1461 1791 curu
1489 1738 1582 1807 lupum
1608 1753 1705 1793 arcora
1724 1748 1772 1794 arn

106 1829 239 1901 ciperet,
250 1826 397 1900 quiveritis
409 1828 544 1896 utebatur,
559 1829 680 1885 ueritatis
700 1831 819 1900 speciem
844 1846 920 1887 arrou-

111 1921 266 1993 tientibus,
282 1936 375 1992 pacem
391 1929 420 1977 et
432 1923 563 1985 unitatem
590 1921 772 1990 obtendebat,
793 1932 821 1979 et
849 1921 921 1977 iulor

109 2014 206 2071 rninas
215 2028 249 2069 ac
258 2012 389 2085 supplicia
398 2012 539 2083 jactitabat
555 2028 615 2069 sese
629 2013 807 2069 conciliorum
819 2014 920 2087 piacita

106 2104 267 2162 uindicare.
283 2104 733 2177 Euauternpericulosioreratilla
753 2106 917 2176 persecutio,

108 2194 188 2271 quod
203 2196 342 2269 episcopis
357 2197 423 2268 ipsis
439 2196 565 2252 utebatur
587 2196 764 2253 Constantius
778 2197 850 2253 reim
865 2198 917 2253 rui-

108 2292 230 2365 nistris,
245 2306 299 2363 quo
314 2289 452 2348 omnesad
470 2290 595 2349 lueresim
620 2306 699 2362 quana
714 2291 919 2363 amplexabatur

107 2391 290 2457 attraheret:
306 2398 335 2448 ut
348 2404 410 2447 uere
426 2388 460 2445 de
482 2388 577 2444 eadem
602 2392 790 2459 perseeutione
809 2389 917 2447 instita·

113 2494 175 2547 tunt
187 2497 344 2551 sermonem
359 2494 526 2553 prosequens
538 2479 706 2537 Sororucuus
731 2478 829 2536 dixerit
855 2497 861 2533 :
887 2478 918 2535 ie't

110 2580 136 2635 si
152 2579 227 2647 bac,
239 2577 419 2652 prrodpaidern
429 2575 463 2628 ad
473 2577 604 2631 cruciatus
614 2574 721 2639 attinet,
737 2573 868 2627 scurissior
883 2574 919 2626 oi·

113 2652 238 2737 debatur,
253 2670 422 2742 prudentibus
436 2679 522 2723 tamen
532 2668 594 2723 airis
608 2676 712 2740 propter
724 2666 863 2739 iactantiam
879 2666 919 2720 ri·

108 2771 196 2837 spen
210 2763 334 2829 acerbior.
354 2760 461 2833 Utrique
487 2760 573 2827 carita,
599 2770 622 2813 ct
643 2761 666 2813 is·
688 2758 731 2829 qai
755 2757 922 2828 persequaba-

109 2862 169 2921 tur,
183 2864 207 2911 et
229 2854 330 2925 illeqai
344 2854 547 2927 persecutionem
567 2850 724 2917 sustinebat,
748 2866 779 2906 ea
804 2848 922 2905 Ecclesia

111 2957 203 3005 aaut.

151 3041 187 3099 l.
227 3040 516 3113 Pseudoepircoporam
557 3041 706 3096 adulatione
741 3039 857 3097 laudata.
884 3067 922 3081 ·-·

974 1838 1078 1889 ruutare
1093 1844 1146 1884 nou
1158 1829 1279 1894 ualeret,
1297 1843 1362 1885 orces
1372 1829 1504 1885 aduersus
1513 1830 1586 1885 iilius
1599 1829 1771 1887 iusidiassal·

973 1929 1026 1977 leur
1039 1921 1305 1979 trrrruirecuuaretur.
1321 1920 1345 1977 is
1356 1928 1398 1977 est
1412 1931 1484 1977 tritus
1498 1924 1578 1991 liujus
1591 1923 1651 1979 libri
1663 1939 1770 1995 scrupus

972 2018 1047 2081 iilum
1059 2020 1149 2087 enim,
1166 2035 1219 2075 nou
1233 2019 1266 2075 ad
1281 2017 1470 2075 Cortstantiam
1483 2019 1630 2075 iruultaudi
1654 2021 1681 2077 ei
1708 2035 1773 2077 cartr-

972 2127 1001 2169 sa
1013 2155 1022 2180 ,
1032 2114 1079 2169 sed
1093 2113 1126 2169 ad
1141 2111 1294 2171 catholicus
1303 2114 1454 2170 instruendi
1469 2123 1497 2169 el
1510 2112 1673 2169 erbortaudi
1686 2123 1771 2183 gratia

972 2207 1105 2265 directum
1118 2221 1179 2263 esse
1191 2208 1258 2265 inira
1271 2206 1528 2265 dorurmstrabimus.

1009 2299 1065 2355 tlt.
1083 2299 1216 2359 Sermonis
1229 2299 1381 2365 uadentealis
1393 2300 1470 2355 ratio
1482 2326 1518 2338 κ-
1531 2298 1566 2353 at
1580 2312 1672 2355 serino
1686 2296 1768 2353 rebo-

971 2391 1108 2449 moutiorl
1122 2390 1247 2463 Frigidus
1263 2390 1332 2447 iorte
1346 2390 1413 2457 nillil
1435 2389 1614 2461 proluderet,
1640 2389 1686 2444 ubi
1711 2402 1770 2460 per·

971 2485 1076 2541 sacerdo
1090 2484 1275 2541 incalescebat
1290 2500 1296 2537 :
1312 2498 1362 2543 rice
1377 2482 1437 2540 sine
1449 2482 1568 2541 clamore
1582 2482 1691 2539 auditus
1705 2480 1773 2539 iuis·

972 2577 1121 2644 retabiis,
1149 2593 1263 2647 narrarunt
1293 2577 1398 2633 arrianos
1421 2576 1650 2647 jairrrpertubarat
1675 2578 1772 2646 iugens

972 2671 1122 2737 edictorum
1136 2670 1285 2727 Corrstaatii
1296 2670 1436 2739 strepitus.

1008 2761 1077 2823 iitll.
1095 2763 1145 2831 Qui
1158 2761 1525 2819 Constantianaaralirltritlum
1549 2768 1619 2817 uocet
1638 2759 1767 2823 Hilarius.

971 2885 1008 2897 -
1022 2854 1050 2913 Si
1061 2867 1153 2913 arricru
1164 2855 1326 2923 rolremeus,
1340 2871 1393 2910 non
1406 2854 1500 2911 debuit
1510 2860 1585 2913 corto
1598 2868 1660 2915 esso
1675 2862 1772 2909 contra·

973 2951 1125 3005 meliosus:
1142 2949 1338 3007 rrecmoderati
1363 2949 1446 3005 anirui
1473 2964 1536 3006 esse
1561 2957 1672 3020 putant,
1699 2947 1771 3020 arrad

973 3040 1161 3101 Cerastmnium
1177 3043 1203 3099 iu
1225 3058 1258 3099 eo
1272 3059 1325 3109 trau
1350 3042 1435 3099 semel
1463 3041 1554 3113 legant
1579 3042 1771 3098 antiolrristurn

108 3134 348 3206 Pseudoepiseopi
363 3136 413 3201 ilii,
430 3144 458 3189 at
472 3135 556 3190 arrrrris
570 3144 610 3199 est
621 3133 653 3189 iis
667 3134 807 3204 anicetus-'12
822 3132 921 3203 initiare
935 3132 959 3197 C
974 3137 1150 3209 appeliatum.
1168 3138 1223 3193 lluc
1235 3137 1361 3193 uiuriruru
1377 3152 1475 3192 norrreu
1491 3138 1603 3193 borroni
1614 3138 1665 3207 piat
1679 3151 1771 3202 aures,

107 3229 307 3285 assessionem
331 3228 432 3287 elicere
459 3236 581 3294 terrram,
609 3225 762 3282 Constantii
790 3226 917 3295 notariae,

105 3322 299 3390 atteteritate,
315 3322 460 3379 uirtutibus
474 3324 532 3377 siaa
553 3322 625 3379 ueris
652 3323 710 3377 siro
733 3323 818 3388 lictis,
844 3322 919 3387 omni

108 3414 238 3487 denirpre
252 3415 359 3471 ratione
374 3430 425 3486 aua
439 3424 580 3487 poteraut,
597 3413 687 3473 lrrcunr
717 3416 807 3471 iacere
834 3431 919 3471 corra-

106 3506 225 3563 bantur.
240 3507 317 3563 dlius
333 3507 438 3581 itaque,
451 3518 582 3579 aaarrtam
597 3522 630 3563 er
643 3505 695 3563 boc
716 3507 786 3563 libro
800 3508 920 3575 subodo-

972 3244 1027 3299 quo
1041 3228 1171 3299 qaidauid
1185 3227 1380 3285 onsecrandum
1396 3227 1450 3283 dici
1464 3237 1511 3282 aut
1524 3226 1614 3281 arrium
1636 3226 1700 3297 tingi
1721 3242 1770 3297 po·

973 3323 1187 3393 lost,cogitaut.
1203 3321 1434 3377 iitCoustantium
1462 3322 1566 3393 unigeni
1590 3321 1634 3377 illa
1660 3322 1773 3377 notione

971 3414 1258 3473 neediritueescnsit
1283 3414 1401 3477 lliiarias
1426 3413 1615 3471 anricinistnm
1642 3433 1649 3469 ι
1673 3414 1721 3469 sed
1741 3429 1774 3467 ea

973 3518 1075 3566 larrium
1088 3510 1210 3575 ratiuuc,
1226 3524 1278 3578 mm
1304 3509 1424 3565 loauues
1447 3508 1578 3581 scripsit,
1600 3507 1773 3571 draucirrirtar

109 3596 172 3653 rari
185 3604 246 3665 est,
261 3596 407 3663 extollebat
419 3595 571 3655 coustantii
582 3596 608 3653 iu
620 3597 744 3661 ecelesiis
759 3608 920 3669 coristruen·
966 3602 1024 3672 jam
1040 3603 1116 3666 reaia,
1127 3610 1150 3656 ct
1163 3600 1464 3655 scaraeorrticiainimalri
1479 3600 1543 3667 [arri
1552 3599 1603 3652 airu
1615 3598 1637 3667 (l
1648 3598 1728 3653 ioasi.
1742 3614 1771 3665 a,

107 3687 159 3745 (iis
174 3698 202 3745 et
213 3688 379 3745 adornandis
394 3688 623 3761 magirideentiaru
636 3731 643 3754 ,
656 3689 725 3745 alius
739 3691 919 3751 reuerentiam

107 3799 181 3857 erpa
194 3784 340 3857 episcopos
354 3783 491 3853 laudabat.
507 3783 555 3840 ilie
568 3785 595 3840 in
610 3784 822 3853 comprimendis
837 3784 921 3841 barre·

111 3877 218 3943 sibus,
234 3876 281 3933 bie
296 3878 322 3933 in
336 3877 464 3949 cogendis
478 3876 590 3949 spnodis
605 3876 724 3933 stadium
739 3891 771 3932 ae
788 3876 921 3933 sedulita-

115 3978 173 4026 tem
189 3970 218 4026 in
232 3968 323 4031 medio
337 3970 463 4041 ponebat.
479 3968 540 4043 ipse
552 3969 633 4025 etiarn
644 3969 820 4027 Constantius
834 3970 920 4043 leprod

112 4060 229 4119 Lucifer
244 4062 329 4118 lusius
340 4060 525 4135 prosequitur)
540 4077 595 4119 nou
615 4062 697 4117 modo
719 4062 845 4136 pietatis,
871 4061 919 4118 sod

101 4164 147 4213 et
164 4154 297 4212 doctrinae
312 4154 427 4226 gloriam
438 4152 488 4209 sibi
503 4154 657 4223 arrogabat.
670 4152 921 4222 Coadebatiidem,

105 4248 161 4305 nui
176 4249 211 4304 ab
224 4249 360 4321 episcopis
380 4246 613 4316 subscriberetur,
644 4246 705 4303 illos
732 4246 921 4313 lubentissime

96 4342 277 4413 auscultans
292 4350 494 4409 assentatores,
509 4342 553 4413 qui
576 4356 639 4395 eum
654 4340 790 4412 episcopis
805 4341 921 4396 Arimini

91 4435 201 4511 lapsis
213 4440 265 4513 ipsi
277 4440 477 4507 rescriberent,
492 4436 630 4494 inlustrati
645 4439 747 4510 pietatis
761 4445 812 4493 tua
835 4437 919 4508 scrip-

972 3691 1029 3764 lt).
1042 3692 1118 3761 Quod
1129 3691 1243 3751 subinde
1254 3691 1413 3763 erplieaus,
1431 3689 1480 3747 llic
1502 3698 1554 3758 erl,
1585 3690 1689 3760 irrqait,
1706 3690 1773 3743 aad·

971 3781 1096 3847 clrrislur,
1107 3781 1152 3851 qai
1167 3791 1240 3853 erepat
1254 3780 1362 3849 Putrem
1372 3791 1395 3839 et
1419 3776 1444 3833 F
1447 3782 1520 3837 ilium
1542 3778 1644 3853 (iiia,
1665 3779 1725 3851 ⁹22).
1740 3780 1773 3835 ta

972 3876 1044 3933 euim
1058 3886 1166 3945 notatur
1177 3885 1272 3932 contra
1287 3877 1407 3933 Atrxcul.
1425 3891 1500 3931 ιιιιιιι.
1515 3875 1548 3940 2,
1565 3876 1677 3931 norrriuis
1703 3875 1770 3928 ortti-

972 3969 1061 4025 carisa·
1073 3969 1216 4041 proprietas
1231 3980 1285 4035 est,
1299 3968 1400 4025 Clariae
1414 3986 1468 4025 csse
1481 3970 1649 4025 rorrtrariam.
1675 3970 1710 4023 lii
1725 3982 1772 4023 ue-

972 4076 1003 4119 ro
1017 4059 1207 4119 Crrustautium
1221 4062 1330 4119 cbristo
1343 4062 1509 4119 contrariam
1533 4063 1593 4135 quis
1608 4062 1703 4137 erepet?
1720 4060 1773 4117 No-

972 4170 1024 4227 que
1037 4152 1117 4211 alitor
1132 4169 1194 4221 eum
1210 4169 1224 4209 a
1240 4168 1270 4209 so
1281 4154 1469 4217 araticlrristum
1485 4156 1575 4211 uocari
1590 4170 1643 4215 riou
1658 4154 1773 4215 obscuro

972 4246 1106 4319 sigtridcat
1132 4245 1253 4317 liiiarius
1268 4247 1311 4315 bis
1326 4263 1402 4305 nuni.
1419 4247 1434 4301 7
1450 4246 1538 4304 rerllis
1565 4263 1571 4295 ι
1598 4245 1773 4315 Cirrisriaaam

972 4322 1003 4395 te*
1019 4339 1133 4394 ureatiris
1162 4354 1172 4393 .·
1197 4338 1292 4407 Cirrisli
1318 4356 1398 4399 nouas
1425 4339 1505 4395 bostis
1528 4354 1571 4405 ee,
1596 4338 1773 4401 araticlrrirtum

973 4434 1117 4506 praueais,
1131 4443 1153 4488 et
1168 4449 1323 4497 arcanorum
1337 4439 1393 4511 ejus
1404 4434 1526 4509 mysteria
1548 4434 1676 4507 operaris.
1702 4436 1773 4489 Saue

87 4536 157 4591 nis
167 4538 292 4609 npeimas
305 4535 360 4591 beo
375 4536 510 4607 retulimus
524 4544 546 4591 et
560 4535 696 4609 referiraas
722 4536 835 4607 pretias,
850 4534 920 4605 arrad
933 4529 961 4590 D
974 4527 1019 4599 uui
1034 4526 1224 4589 antichristum
1240 4529 1387 4601 praeuenit,
1401 4530 1471 4587 alius
1492 4528 1526 4583 ab
1548 4540 1581 4584 eo
1605 4528 1641 4583 sit
1662 4539 1772 4582 necesse

73 4630 302 4703 miraeanis,
318 4629 439 4683 intimans
453 4629 525 4683 acolis
537 4628 598 4697 iila,
616 4643 673 4699 qao
686 4644 744 4681 ortua
759 4627 920 4682 dissuasione

53 4720 221 4787 triclinis
231 4732 282 4777 trare
296 4726 382 4793 [acme
395 4721 544 4777 deberemus
555 4718 676 4795 (Frapm.
690 4735 728 4784 rx,
742 4738 769 4774 u.
784 4720 821 4795 i).
832 4719 921 4776 Pluri-

53 4814 161 4867 ·flri
175 4815 290 4887 denique
301 4814 345 4872 ubi
357 4813 509 4870 Constantii
525 4813 732 4884 lroniguitatom,
748 4811 919 4882 religionem,

53 4904 250 4967 pietatem
274 4905 515 4973 crrrumeudaraut,
539 4905 683 4961 saturebaut
706 4920 758 4959 raon
779 4919 921 4973 passurmu

53 4986 204 5055 *trisse
219 4999 320 5063 Deum,
333 5009 361 5053 ut
373 5014 419 5053 ror
438 4998 566 5069 lampius
591 5006 698 5067 turrique
720 4996 864 5067 religiosas
892 4996 923 5051 ii·

53 5078 183 5144 fflem
199 5099 320 5147 tueretur
334 5106 386 5146 uon
402 5099 520 5155 reetaur;
538 5104 587 5144 uec
601 5089 688 5144 loaruu
704 5087 799 5158 reipsa
811 5088 921 5158 optima>

84 5174 263 5241 liiusiidei
278 5199 340 5241 esse
355 5192 446 5240 notam
469 5193 550 5257 stipae
573 5186 705 5249 iractum,
734 5182 919 5238 incredibilem

100 5273 205 5343 laius
221 5277 296 5347 regrri
309 5277 528 5348 prosperitatem.
552 5275 632 5331 linita
659 5274 710 5330 alia
731 5276 917 5344 praeterimus,

53 5363 303 5440 Iaepapulos
314 5368 429 5434 edictis,
446 5368 545 5434 minis,
560 5367 699 5439 suppliciis
717 5370 845 5433 territos,
862 5368 921 5438 pai·

79 5444 210 5513 ῗιιιιιι
224 5458 376 5517 Crirrstantii
392 5460 535 5533 perfidiam
557 5471 614 5533 turn
641 5460 849 5537 deprehendere
861 5476 918 5519 riou

53 5544 324 5609 Dormittebant.

164 5642 204 5702 tl.
215 5646 255 5717 dn
268 5662 328 5705 aero
341 5646 445 5705 Pastori
466 5647 657 5707 dissimulanda
679 5651 767 5725 suerit.
792 5679 829 5691 —
845 5648 924 5719 Quae·

59 5726 237 5819 beaturi
255 5742 299 5803 bic
311 5742 403 5815 uenit,
416 5759 481 5805 nuru
496 5743 600 5805 Hilario
611 5745 719 5805 licuerit
729 5744 923 5821 palliamapro·

975 4632 1025 4679 esi.

1009 4713 1056 4769 lx.
1073 4713 1194 4769 Noutaru
1210 4714 1283 4769 iilam
1305 4730 1428 4785 carpere,
1450 4730 1527 4781 aurien
1542 4711 1684 4767 Ecclesiam
1707 4711 1773 4765 tami

974 4805 1163 4861 cale—illum
1177 4808 1255 4877 igitur
1269 4815 1298 4859 ut
1323 4806 1447 4870 liudem,
1471 4820 1501 4861 se
1522 4820 1587 4862 reru
1607 4813 1635 4858 ui
1660 4804 1771 4858 militum

974 4896 1075 4953 Christi
1087 4899 1251 4969 respiciens,
1264 4899 1403 4971 iudignum
1416 4899 1520 4970 parturit
1531 4908 1560 4952 ut
1580 4894 1773 4951 coruruilitoni·

976 4992 1090 5047 busuou
1118 4992 1264 5062 proderet,
1286 5007 1366 5061 auem
1389 4991 1498 5045 latendo
1525 4989 1647 5061 pluribus
1671 5003 1770 5043 rrrrcure

974 5098 1053 5155 posse
1081 5083 1256 5155 pii-arideum.
1282 5083 1359 5152 Quod
1387 5082 1422 5138 ita
1455 5081 1558 5145 oliioit,
1575 5093 1603 5136 ut
1626 5096 1641 5136 a
1665 5080 1772 5136 oratoris

972 5178 1121 5235 Constantii
1138 5181 1209 5235 viliis
1219 5177 1363 5251 carpendis
1378 5193 1439 5235 sose
1452 5178 1622 5250 terrrperarit.
1640 5175 1773 5232 Caesareae

973 5273 1046 5329 euim
1064 5274 1214 5345 rtrajeseui,
1229 5272 1398 5347 quantumin
1411 5286 1442 5327 se
1457 5282 1532 5338 erat,
1554 5270 1619 5325 uilrii
1647 5277 1771 5341 ereptum

975 5366 1085 5431 uolens,
1101 5366 1164 5421 duru
1180 5365 1313 5422 diuinitati
1326 5363 1516 5431 Christianum
1529 5364 1573 5434 jas
1595 5370 1623 5417 et
1639 5361 1770 5418 bonorem

976 5458 1109 5530 integrum
1121 5466 1148 5514 et
1162 5458 1276 5514 illaesum
1287 5473 1396 5514 serrare
1410 5458 1491 5511 arrico
1504 5455 1702 5531 crrrrloudebat3
1721 5453 1774 5508 boo

979 5562 1082 5610 tanlrmr
1096 5555 1205 5626 indigne
1221 5554 1297 5613 tulit.
1309 5551 1381 5625 qrrod
1396 5551 1504 5622 dejure
1525 5548 1628 5605 Cirristi
1640 5548 1774 5603 sublatum

983 5647 1101 5704 uidebat.
1114 5648 1233 5719 Denique
1249 5661 1309 5704 cum
1325 5644 1514 5702 Ctirrstamiam
1531 5643 1659 5698 Ecclesia
1674 5640 1775 5698 Cirristi

978 5759 1032 5803 nou
1046 5746 1136 5805 urinas
1148 5742 1274 5807 infestum
1290 5742 1476 5811 cristiruaret,
1489 5755 1571 5815 quarn
1583 5739 1646 5809 olim
1670 5738 1776 5814 laeraat
