<?xml version="1.0" encoding="UTF-8"?>
<!DOCTYPE html PUBLIC "-//W3C//DTD XHTML 1.0 Transitional//EN"
    "http://www.w3.org/TR/xhtml1/DTD/xhtml1-transitional.dtd">
<html xmlns="http://www.w3.org/1999/xhtml" xml:lang="en" lang="en">
 <head>
  <title>
</title>
<meta http-equiv="Content-Type" content="text/html;charset=utf-8" />
  <meta name='ocr-system' content='tesseract 3.04.00' />
  <meta name='ocr-capabilities' content='ocr_page ocr_carea ocr_par ocr_line ocrx_word'/>
</head>
<body>
  <div class='ocr_page' id='page_1' title='image "./patrologiaecurs111unkngoog/patrologiaecurs111unkngoog_0232.png"; bbox 0 0 3884 6136; ppageno 0'>
   <div class='ocr_carea' id='block_1_1' title="bbox 158 209 213 267">
    <p class='ocr_par' dir='ltr' id='par_1_1' title="bbox 158 209 213 267">
     <span class='ocr_line' id='line_1_1' title="bbox 158 209 213 267; baseline 0.018 -1"><span class='ocrx_word' id='word_1_1' title='bbox 158 209 213 267; x_wconf 71' lang='lat' dir='ltr'><strong>oss</strong></span> 
     </span>
    </p>
   </div>
   <div class='ocr_carea' id='block_1_2' title="bbox 766 210 1205 274">
    <p class='ocr_par' dir='ltr' id='par_1_2' title="bbox 766 210 1205 274">
     <span class='ocr_line' id='line_1_2' title="bbox 766 210 1205 274; baseline 0.011 -7"><span class='ocrx_word' id='word_1_2' title='bbox 766 210 889 269; x_wconf 76' lang='lat' dir='ltr'><strong>sartort</strong></span> <span class='ocrx_word' id='word_1_3' title='bbox 910 210 1036 271; x_wconf 57' lang='lat' dir='ltr'><strong>ttttrttttt</strong></span> <span class='ocrx_word' id='word_1_4' title='bbox 1051 213 1205 274; x_wconf 79' lang='lat' dir='ltr'><strong>attscort</strong></span> 
     </span>
    </p>
   </div>
   <div class='ocr_carea' id='block_1_3' title="bbox 1759 219 1813 278">
    <p class='ocr_par' dir='ltr' id='par_1_3' title="bbox 1759 219 1813 278">
     <span class='ocr_line' id='line_1_3' title="bbox 1759 219 1813 278; baseline 0.019 -1"><span class='ocrx_word' id='word_1_5' title='bbox 1759 219 1813 278; x_wconf 75' lang='lat' dir='ltr'><strong>tm</strong></span> 
     </span>
    </p>
   </div>
   <div class='ocr_carea' id='block_1_4' title="bbox 159 320 1813 406">
    <p class='ocr_par' dir='ltr' id='par_1_4' title="bbox 159 320 1813 406">
     <span class='ocr_line' id='line_1_4' title="bbox 159 320 1813 406; baseline 0.008 -27"><span class='ocrx_word' id='word_1_6' title='bbox 159 337 190 379; x_wconf 89' lang='lat' dir='ltr'><strong>se</strong></span> <span class='ocrx_word' id='word_1_7' title='bbox 203 335 274 378; x_wconf 87' lang='lat' dir='ltr'><strong>nunc</strong></span> <span class='ocrx_word' id='word_1_8' title='bbox 294 327 411 378; x_wconf 88' lang='lat' dir='ltr'><strong>creatam</strong></span> <span class='ocrx_word' id='word_1_9' title='bbox 426 320 452 378; x_wconf 90' lang='lat' dir='ltr'><strong>in</strong></span> <span class='ocrx_word' id='word_1_10' title='bbox 476 320 580 378; x_wconf 84' lang='lat' dir='ltr'><strong>initium</strong></span> <span class='ocrx_word' id='word_1_11' title='bbox 597 320 702 378; x_wconf 85' lang='lat' dir='ltr'><strong>riarum</strong></span> <span class='ocrx_word' id='word_1_12' title='bbox 719 323 765 379; x_wconf 86' lang='lat' dir='ltr'><strong>bei</strong></span> <span class='ocrx_word' id='word_1_13' title='bbox 785 333 813 380; x_wconf 91' lang='lat' dir='ltr'><strong>et</strong></span> <span class='ocrx_word' id='word_1_14' title='bbox 835 326 861 381; x_wconf 93' lang='lat' dir='ltr'><strong>in</strong></span> <span class='ocrx_word' id='word_1_15' title='bbox 877 340 959 395; x_wconf 85' lang='lat' dir='ltr'><strong>opera</strong></span> <span class='ocrx_word' id='word_1_16' title='bbox 973 329 1101 396; x_wconf 76' lang='lat' dir='ltr'><strong>Adioar;</strong></span> <span class='ocrx_word' id='word_1_17' title='bbox 1127 346 1189 387; x_wconf 91' lang='lat' dir='ltr'><strong>cnm</strong></span> <span class='ocrx_word' id='word_1_18' title='bbox 1212 330 1270 401; x_wconf 91' lang='lat' dir='ltr'><strong>ipsa</strong></span> <span class='ocrx_word' id='word_1_19' title='bbox 1294 329 1435 388; x_wconf 76' lang='lat' dir='ltr'><strong>exordium</strong></span> <span class='ocrx_word' id='word_1_20' title='bbox 1457 332 1606 406; x_wconf 72' lang='lat' dir='ltr'><strong>temporale</strong></span> <span class='ocrx_word' id='word_1_21' title='bbox 1625 334 1721 391; x_wconf 88' lang='lat' dir='ltr'><strong>sortita</strong></span> <span class='ocrx_word' id='word_1_22' title='bbox 1745 337 1813 392; x_wconf 89' lang='lat' dir='ltr'><strong>sint.</strong></span> 
     </span>
    </p>
   </div>
   <div class='ocr_carea' id='block_1_5' title="bbox 59 413 957 486">
    <p class='ocr_par' dir='ltr' id='par_1_5' title="bbox 59 413 957 486">
     <span class='ocr_line' id='line_1_5' title="bbox 59 413 957 486; baseline 0.001 -14"><span class='ocrx_word' id='word_1_23' title='bbox 59 464 63 472; x_wconf 87' lang='lat'><em>.</em></span> <span class='ocrx_word' id='word_1_24' title='bbox 161 415 220 486; x_wconf 86' lang='lat' dir='ltr'><strong>ejus</strong></span> <span class='ocrx_word' id='word_1_25' title='bbox 233 431 248 470; x_wconf 91' lang='lat' dir='ltr'><strong>a</strong></span> <span class='ocrx_word' id='word_1_26' title='bbox 262 417 362 472; x_wconf 87' lang='lat' dir='ltr'><strong>saeculo</strong></span> <span class='ocrx_word' id='word_1_27' title='bbox 374 414 487 481; x_wconf 75' lang='lat' dir='ltr'><strong>dixerit,</strong></span> <span class='ocrx_word' id='word_1_28' title='bbox 505 430 540 471; x_wconf 92' lang='lat' dir='ltr'><strong>ne</strong></span> <span class='ocrx_word' id='word_1_29' title='bbox 551 413 620 471; x_wconf 89' lang='lat' dir='ltr'><strong>iorte</strong></span> <span class='ocrx_word' id='word_1_30' title='bbox 634 425 696 472; x_wconf 91' lang='lat' dir='ltr'><strong>oatc</strong></span> <span class='ocrx_word' id='word_1_31' title='bbox 709 417 819 472; x_wconf 87' lang='lat' dir='ltr'><strong>llariaar</strong></span> <span class='ocrx_word' id='word_1_32' title='bbox 834 435 888 473; x_wconf 92' lang='lat' dir='ltr'><strong>nun</strong></span> <span class='ocrx_word' id='word_1_33' title='bbox 902 435 957 474; x_wconf 90' lang='lat' dir='ltr'><strong>ma·</strong></span> 
     </span>
    </p>
   </div>
   <div class='ocr_carea' id='block_1_6' title="bbox 157 512 959 959">
    <p class='ocr_par' dir='ltr' id='par_1_6' title="bbox 157 512 959 959">
     <span class='ocr_line' id='line_1_6' title="bbox 160 512 959 582; baseline 0.003 -14"><span class='ocrx_word' id='word_1_34' title='bbox 160 527 227 568; x_wconf 88' lang='lat' dir='ltr'><strong>nere</strong></span> <span class='ocrx_word' id='word_1_35' title='bbox 242 512 442 568; x_wconf 73' lang='lat' dir='ltr'>existimaretur</span> <span class='ocrx_word' id='word_1_36' title='bbox 459 529 465 564; x_wconf 79' lang='lat' dir='ltr'><em>z</em></span> <span class='ocrx_word' id='word_1_37' title='bbox 481 526 567 582; x_wconf 89' lang='lat' dir='ltr'><strong>nequa</strong></span> <span class='ocrx_word' id='word_1_38' title='bbox 582 520 669 568; x_wconf 91' lang='lat' dir='ltr'><strong>tamea</strong></span> <span class='ocrx_word' id='word_1_39' title='bbox 686 522 805 568; x_wconf 88' lang='lat' dir='ltr'><strong>creatam</strong></span> <span class='ocrx_word' id='word_1_40' title='bbox 821 530 851 569; x_wconf 86' lang='lat' dir='ltr'><strong>se</strong></span> <span class='ocrx_word' id='word_1_41' title='bbox 866 513 899 570; x_wconf 87' lang='lat' dir='ltr'><strong>ad</strong></span> <span class='ocrx_word' id='word_1_42' title='bbox 911 530 959 570; x_wconf 89' lang='lat' dir='ltr'><strong>aa·</strong></span> 
     </span>
     <span class='ocr_line' id='line_1_7' title="bbox 159 601 959 675; baseline 0.008 -18"><span class='ocrx_word' id='word_1_43' title='bbox 159 603 270 659; x_wconf 85' lang='lat' dir='ltr'><strong>tiritatis</strong></span> <span class='ocrx_word' id='word_1_44' title='bbox 291 601 498 674; x_wconf 70' lang='lat' dir='ltr'><strong>intelligentiam</strong></span> <span class='ocrx_word' id='word_1_45' title='bbox 512 602 643 670; x_wconf 65' lang='lat' dir='ltr'><strong>referrem</strong></span> <span class='ocrx_word' id='word_1_46' title='bbox 660 604 722 675; x_wconf 87' lang='lat' dir='ltr'><strong>qaia</strong></span> <span class='ocrx_word' id='word_1_47' title='bbox 742 605 769 660; x_wconf 92' lang='lat' dir='ltr'><strong>ia</strong></span> <span class='ocrx_word' id='word_1_48' title='bbox 789 604 892 662; x_wconf 85' lang='lat' dir='ltr'><strong>riarum</strong></span> <span class='ocrx_word' id='word_1_49' title='bbox 908 607 959 663; x_wconf 92' lang='lat' dir='ltr'><strong>iui-</strong></span> 
     </span>
     <span class='ocr_line' id='line_1_8' title="bbox 157 697 958 768; baseline 0.001 -13"><span class='ocrx_word' id='word_1_50' title='bbox 157 700 224 755; x_wconf 87' lang='lat' dir='ltr'><strong>tiam</strong></span> <span class='ocrx_word' id='word_1_51' title='bbox 240 706 266 754; x_wconf 93' lang='lat' dir='ltr'><strong>et</strong></span> <span class='ocrx_word' id='word_1_52' title='bbox 281 697 307 753; x_wconf 93' lang='lat' dir='ltr'><strong>ia</strong></span> <span class='ocrx_word' id='word_1_53' title='bbox 330 713 412 768; x_wconf 90' lang='lat' dir='ltr'><strong>opera</strong></span> <span class='ocrx_word' id='word_1_54' title='bbox 434 697 471 754; x_wconf 84' lang='lat' dir='ltr'><strong>sit</strong></span> <span class='ocrx_word' id='word_1_55' title='bbox 484 705 593 765; x_wconf 79' lang='lat' dir='ltr'><strong>ereata3</strong></span> <span class='ocrx_word' id='word_1_56' title='bbox 614 707 641 754; x_wconf 88' lang='lat' dir='ltr'><strong>at</strong></span> <span class='ocrx_word' id='word_1_57' title='bbox 655 714 721 755; x_wconf 83' lang='lat' dir='ltr'><strong>acro</strong></span> <span class='ocrx_word' id='word_1_58' title='bbox 737 713 772 755; x_wconf 90' lang='lat' dir='ltr'><strong>ne</strong></span> <span class='ocrx_word' id='word_1_59' title='bbox 787 699 837 756; x_wconf 91' lang='lat' dir='ltr'><strong>boe</strong></span> <span class='ocrx_word' id='word_1_60' title='bbox 852 698 958 756; x_wconf 86' lang='lat' dir='ltr'><strong>riarum</strong></span> 
     </span>
     <span class='ocr_line' id='line_1_9' title="bbox 157 789 958 866; baseline 0.004 -20"><span class='ocrx_word' id='word_1_61' title='bbox 157 789 275 859; x_wconf 90' lang='lat' dir='ltr'><strong>initium,</strong></span> <span class='ocrx_word' id='word_1_62' title='bbox 289 790 360 863; x_wconf 92' lang='lat' dir='ltr'><strong>quod</strong></span> <span class='ocrx_word' id='word_1_63' title='bbox 376 791 468 864; x_wconf 89' lang='lat' dir='ltr'><strong>otique</strong></span> <span class='ocrx_word' id='word_1_64' title='bbox 481 791 515 848; x_wconf 87' lang='lat' dir='ltr'><strong>de</strong></span> <span class='ocrx_word' id='word_1_65' title='bbox 528 791 627 848; x_wconf 85' lang='lat' dir='ltr'><strong>diripis</strong></span> <span class='ocrx_word' id='word_1_66' title='bbox 637 792 717 849; x_wconf 89' lang='lat' dir='ltr'><strong>rebus</strong></span> <span class='ocrx_word' id='word_1_67' title='bbox 728 792 853 848; x_wconf 79' lang='lat' dir='ltr'><strong>bumana</strong></span> <span class='ocrx_word' id='word_1_68' title='bbox 865 794 958 866; x_wconf 88' lang='lat' dir='ltr'><strong>cogni-</strong></span> 
     </span>
     <span class='ocr_line' id='line_1_10' title="bbox 157 885 959 959; baseline 0.005 -19"><span class='ocrx_word' id='word_1_69' title='bbox 157 885 239 941; x_wconf 82' lang='lat' dir='ltr'><strong>tionis</strong></span> <span class='ocrx_word' id='word_1_70' title='bbox 254 885 394 943; x_wconf 84' lang='lat' dir='ltr'><strong>euordium</strong></span> <span class='ocrx_word' id='word_1_71' title='bbox 417 895 471 953; x_wconf 86' lang='lat' dir='ltr'><strong>est,</strong></span> <span class='ocrx_word' id='word_1_72' title='bbox 492 887 606 959; x_wconf 89' lang='lat' dir='ltr'><strong>quisque</strong></span> <span class='ocrx_word' id='word_1_73' title='bbox 623 887 656 942; x_wconf 92' lang='lat' dir='ltr'><strong>ad</strong></span> <span class='ocrx_word' id='word_1_74' title='bbox 671 886 866 957; x_wconf 88' lang='lat' dir='ltr'><strong>subjiciendam</strong></span> <span class='ocrx_word' id='word_1_75' title='bbox 891 897 959 945; x_wconf 89' lang='lat' dir='ltr'><strong>tero·</strong></span> 
     </span>
    </p>
   </div>
   <div class='ocr_carea' id='block_1_7' title="bbox 1010 422 1829 963">
    <p class='ocr_par' dir='ltr' id='par_1_7' title="bbox 1010 422 1829 963">
     <span class='ocr_line' id='line_1_11' title="bbox 1011 422 1816 499; baseline 0.01 -22"><span class='ocrx_word' id='word_1_76' title='bbox 1011 422 1080 491; x_wconf 83' lang='lat' dir='ltr'><strong>Qatd</strong></span> <span class='ocrx_word' id='word_1_77' title='bbox 1103 423 1175 478; x_wconf 89' lang='lat' dir='ltr'><strong>caira</strong></span> <span class='ocrx_word' id='word_1_78' title='bbox 1201 439 1328 495; x_wconf 88' lang='lat' dir='ltr'><strong>magnum</strong></span> <span class='ocrx_word' id='word_1_79' title='bbox 1353 432 1405 489; x_wconf 88' lang='lat' dir='ltr'><strong>est,</strong></span> <span class='ocrx_word' id='word_1_80' title='bbox 1430 432 1460 479; x_wconf 89' lang='grc' dir='ltr'><strong>ιιι</strong></span> <span class='ocrx_word' id='word_1_81' title='bbox 1481 436 1544 480; x_wconf 90' lang='lat' dir='ltr'><strong>anto</strong></span> <span class='ocrx_word' id='word_1_82' title='bbox 1571 428 1725 499; x_wconf 72' lang='lat' dir='ltr'><strong>terrarntbi</strong></span> <span class='ocrx_word' id='word_1_83' title='bbox 1741 427 1816 485; x_wconf 81' lang='lat' dir='ltr'><strong>ileos</strong></span> 
     </span>
     <span class='ocr_line' id='line_1_12' title="bbox 1012 515 1829 591; baseline 0.006 -19"><span class='ocrx_word' id='word_1_84' title='bbox 1012 516 1155 572; x_wconf 80' lang='lat' dir='ltr'><strong>baratrum</strong></span> <span class='ocrx_word' id='word_1_85' title='bbox 1179 515 1316 573; x_wconf 85' lang='lat' dir='ltr'><strong>Christum</strong></span> <span class='ocrx_word' id='word_1_86' title='bbox 1339 519 1481 587; x_wconf 79' lang='lat' dir='ltr'><strong>genuerit3</strong></span> <span class='ocrx_word' id='word_1_87' title='bbox 1498 532 1559 574; x_wconf 89' lang='lat' dir='ltr'><strong>cam</strong></span> <span class='ocrx_word' id='word_1_88' title='bbox 1575 518 1740 591; x_wconf 75' lang='lat' dir='ltr'><strong>Angelorum</strong></span> <span class='ocrx_word' id='word_1_89' title='bbox 1758 519 1829 577; x_wconf 84' lang='lat' dir='ltr'><strong>ori·&#39;</strong></span> 
     </span>
     <span class='ocr_line' id='line_1_13' title="bbox 1012 608 1816 682; baseline 0.006 -18"><span class='ocrx_word' id='word_1_90' title='bbox 1012 623 1046 680; x_wconf 85' lang='lat' dir='ltr'><strong>go</strong></span> <span class='ocrx_word' id='word_1_91' title='bbox 1072 608 1108 680; x_wconf 83' lang='lat' dir='ltr'><strong>(c)</strong></span> <span class='ocrx_word' id='word_1_92' title='bbox 1132 618 1210 665; x_wconf 81' lang='lat' dir='ltr'><strong>terre</strong></span> <span class='ocrx_word' id='word_1_93' title='bbox 1233 609 1370 665; x_wconf 87' lang='lat' dir='ltr'><strong>creatione</strong></span> <span class='ocrx_word' id='word_1_94' title='bbox 1404 608 1554 681; x_wconf 86' lang='lat' dir='ltr'><strong>reperiatur</strong></span> <span class='ocrx_word' id='word_1_95' title='bbox 1576 611 1733 682; x_wconf 84' lang='lat' dir='ltr'><strong>antiquiori</strong></span> <span class='ocrx_word' id='word_1_96' title='bbox 1758 611 1816 670; x_wconf 87' lang='lat' dir='ltr'><strong>Ant</strong></span> 
     </span>
     <span class='ocr_line' id='line_1_14' title="bbox 1010 702 1815 774; baseline 0.006 -16"><span class='ocrx_word' id='word_1_97' title='bbox 1010 703 1116 773; x_wconf 92' lang='lat' dir='ltr'><strong>curqai</strong></span> <span class='ocrx_word' id='word_1_98' title='bbox 1132 709 1194 757; x_wconf 90' lang='lat' dir='ltr'><strong>ante</strong></span> <span class='ocrx_word' id='word_1_99' title='bbox 1216 709 1316 758; x_wconf 90' lang='lat' dir='ltr'><strong>terram</strong></span> <span class='ocrx_word' id='word_1_100' title='bbox 1337 703 1446 774; x_wconf 87' lang='lat' dir='ltr'><strong>genitus</strong></span> <span class='ocrx_word' id='word_1_101' title='bbox 1469 702 1618 772; x_wconf 89' lang='lat' dir='ltr'><strong>diceretur,</strong></span> <span class='ocrx_word' id='word_1_102' title='bbox 1644 705 1725 760; x_wconf 83' lang='lat' dir='ltr'><strong>etiam</strong></span> <span class='ocrx_word' id='word_1_103' title='bbox 1748 715 1815 763; x_wconf 91' lang='lat' dir='ltr'><strong>auto</strong></span> 
     </span>
     <span class='ocr_line' id='line_1_15' title="bbox 1010 795 1814 865; baseline 0.009 -16"><span class='ocrx_word' id='word_1_104' title='bbox 1010 802 1129 861; x_wconf 90' lang='lat' dir='ltr'><strong>montes,</strong></span> <span class='ocrx_word' id='word_1_105' title='bbox 1145 809 1231 865; x_wconf 90' lang='lat' dir='ltr'><strong>neque</strong></span> <span class='ocrx_word' id='word_1_106' title='bbox 1251 796 1339 851; x_wconf 90' lang='lat' dir='ltr'><strong>solam</strong></span> <span class='ocrx_word' id='word_1_107' title='bbox 1360 801 1555 861; x_wconf 83' lang='lat' dir='ltr'><strong>antemurales,</strong></span> <span class='ocrx_word' id='word_1_108' title='bbox 1578 795 1626 852; x_wconf 87' lang='lat' dir='ltr'><strong>sed</strong></span> <span class='ocrx_word' id='word_1_109' title='bbox 1650 797 1732 852; x_wconf 89' lang='lat' dir='ltr'><strong>etiarn</strong></span> <span class='ocrx_word' id='word_1_110' title='bbox 1749 807 1814 856; x_wconf 86' lang='lat' dir='ltr'><strong>ante</strong></span> 
     </span>
     <span class='ocr_line' id='line_1_16' title="bbox 1010 886 1814 963; baseline 0.01 -22"><span class='ocrx_word' id='word_1_111' title='bbox 1010 887 1094 942; x_wconf 89' lang='lat' dir='ltr'><strong>calles</strong></span> <span class='ocrx_word' id='word_1_112' title='bbox 1108 896 1185 942; x_wconf 88' lang='lat' dir='ltr'><strong>natus</strong></span> <span class='ocrx_word' id='word_1_113' title='bbox 1205 886 1444 944; x_wconf 78' lang='lat' dir='ltr'><strong>manifestaretur:</strong></span> <span class='ocrx_word' id='word_1_114' title='bbox 1461 904 1521 945; x_wconf 90' lang='lat' dir='ltr'><strong>curn</strong></span> <span class='ocrx_word' id='word_1_115' title='bbox 1545 889 1654 947; x_wconf 90' lang='lat' dir='ltr'><strong>callium</strong></span> <span class='ocrx_word' id='word_1_116' title='bbox 1675 890 1814 963; x_wconf 82' lang='lat' dir='ltr'><strong>signidca·</strong></span> 
     </span>
    </p>
   </div>
   <div class='ocr_carea' id='block_1_8' title="bbox 150 978 1825 3107">
    <p class='ocr_par' dir='ltr' id='par_1_8' title="bbox 150 978 1825 3107">
     <span class='ocr_line' id='line_1_17' title="bbox 155 978 1813 1056; baseline 0.003 -20"><span class='ocrx_word' id='word_1_117' title='bbox 155 981 214 1053; x_wconf 87' lang='lat' dir='ltr'><strong>pari</strong></span> <span class='ocrx_word' id='word_1_118' title='bbox 221 981 388 1038; x_wconf 84' lang='lat' dir='ltr'><strong>nativitatem</strong></span> <span class='ocrx_word' id='word_1_119' title='bbox 400 979 532 1037; x_wconf 89' lang='lat' dir='ltr'><strong>iailaitam</strong></span> <span class='ocrx_word' id='word_1_120' title='bbox 541 979 683 1052; x_wconf 88' lang='lat' dir='ltr'><strong>deputaret</strong></span> <span class='ocrx_word' id='word_1_121' title='bbox 697 978 847 1052; x_wconf 81' lang='lat' dir='ltr'><strong>(Prourur,</strong></span> <span class='ocrx_word' id='word_1_122' title='bbox 861 980 898 1036; x_wconf 69' lang='lat'><strong>22</strong></span> <span class='ocrx_word' id='word_1_123' title='bbox 905 997 956 1038; x_wconf 83' lang='lat' dir='ltr'><strong>aec.</strong></span> <span class='ocrx_word' id='word_1_124' title='bbox 1011 978 1049 1033; x_wconf 93' lang='lat' dir='ltr'><strong>tio</strong></span> <span class='ocrx_word' id='word_1_125' title='bbox 1064 987 1124 1049; x_wconf 88' lang='lat' dir='ltr'><strong>post</strong></span> <span class='ocrx_word' id='word_1_126' title='bbox 1148 986 1255 1035; x_wconf 87' lang='lat' dir='ltr'><strong>arantes</strong></span> <span class='ocrx_word' id='word_1_127' title='bbox 1268 982 1313 1046; x_wconf 88' lang='lat' dir='ltr'><strong>sit,</strong></span> <span class='ocrx_word' id='word_1_128' title='bbox 1331 980 1462 1036; x_wconf 91' lang='lat' dir='ltr'><strong>montium</strong></span> <span class='ocrx_word' id='word_1_129' title='bbox 1479 996 1544 1037; x_wconf 85' lang='lat' dir='ltr'><strong>reru</strong></span> <span class='ocrx_word' id='word_1_130' title='bbox 1556 982 1735 1054; x_wconf 88' lang='lat' dir='ltr'><strong>intelligentia</strong></span> <span class='ocrx_word' id='word_1_131' title='bbox 1751 995 1813 1056; x_wconf 84' lang='lat' dir='ltr'><strong>post</strong></span> 
     </span>
     <span class='ocr_line' id='line_1_18' title="bbox 157 1070 1812 1148; baseline 0.002 -17"><span class='ocrx_word' id='word_1_132' title='bbox 157 1073 402 1148; x_wconf 70' lang='lat' dir='ltr'><strong>tilptuadauar</strong></span> <span class='ocrx_word' id='word_1_133' title='bbox 418 1089 447 1130; x_wconf 89' lang='lat' dir='ltr'><strong>se</strong></span> <span class='ocrx_word' id='word_1_134' title='bbox 461 1074 675 1131; x_wconf 86' lang='lat' dir='ltr'><strong>antesaecoiasit</strong></span> <span class='ocrx_word' id='word_1_135' title='bbox 688 1073 809 1146; x_wconf 76' lang='lat' dir='ltr'><strong>professa</strong></span> <span class='ocrx_word' id='word_1_136' title='bbox 828 1085 876 1129; x_wconf 91' lang='lat' dir='ltr'><strong>:at</strong></span> <span class='ocrx_word' id='word_1_137' title='bbox 893 1073 957 1130; x_wconf 92' lang='lat' dir='ltr'><strong>dum</strong></span> <span class='ocrx_word' id='word_1_138' title='bbox 1010 1079 1110 1127; x_wconf 89' lang='lat' dir='ltr'><strong>terram</strong></span> <span class='ocrx_word' id='word_1_139' title='bbox 1127 1070 1180 1127; x_wconf 81' lang='lat' dir='ltr'><strong>siti</strong></span> <span class='ocrx_word' id='word_1_140' title='bbox 1195 1070 1247 1127; x_wconf 89' lang='lat' dir='ltr'><strong>Per</strong></span> <span class='ocrx_word' id='word_1_141' title='bbox 1260 1072 1331 1143; x_wconf 92' lang='lat' dir='ltr'><strong>qaod</strong></span> <span class='ocrx_word' id='word_1_142' title='bbox 1355 1073 1503 1128; x_wconf 84' lang='lat' dir='ltr'><strong>existimari</strong></span> <span class='ocrx_word' id='word_1_143' title='bbox 1519 1088 1572 1130; x_wconf 91' lang='lat' dir='ltr'><strong>non</strong></span> <span class='ocrx_word' id='word_1_144' title='bbox 1590 1082 1689 1143; x_wconf 89' lang='lat' dir='ltr'><strong>potest,</strong></span> <span class='ocrx_word' id='word_1_145' title='bbox 1709 1075 1812 1134; x_wconf 82' lang='lat' dir='ltr'><strong>idcirce</strong></span> 
     </span>
     <span class='ocr_line' id='line_1_19' title="bbox 157 1163 1810 1237; baseline 0.002 -15"><span class='ocrx_word' id='word_1_146' title='bbox 157 1167 230 1223; x_wconf 86' lang='lat' dir='ltr'><strong>alind</strong></span> <span class='ocrx_word' id='word_1_147' title='bbox 241 1177 281 1223; x_wconf 87' lang='lat' dir='ltr'><strong>est</strong></span> <span class='ocrx_word' id='word_1_148' title='bbox 291 1165 317 1222; x_wconf 93' lang='lat' dir='ltr'><strong>ia</strong></span> <span class='ocrx_word' id='word_1_149' title='bbox 332 1167 433 1222; x_wconf 87' lang='lat' dir='ltr'><strong>riarum</strong></span> <span class='ocrx_word' id='word_1_150' title='bbox 445 1166 548 1223; x_wconf 90' lang='lat' dir='ltr'><strong>initium</strong></span> <span class='ocrx_word' id='word_1_151' title='bbox 559 1174 587 1223; x_wconf 90' lang='lat' dir='ltr'><strong>et</strong></span> <span class='ocrx_word' id='word_1_152' title='bbox 601 1165 627 1221; x_wconf 94' lang='lat' dir='ltr'><strong>in</strong></span> <span class='ocrx_word' id='word_1_153' title='bbox 643 1180 725 1237; x_wconf 86' lang='lat' dir='ltr'><strong>opera</strong></span> <span class='ocrx_word' id='word_1_154' title='bbox 736 1167 871 1233; x_wconf 85' lang='lat' dir='ltr'><strong>creari,&#39;et</strong></span> <span class='ocrx_word' id='word_1_155' title='bbox 885 1165 958 1222; x_wconf 90' lang='lat' dir='ltr'><strong>aliud</strong></span> <span class='ocrx_word' id='word_1_156' title='bbox 1011 1166 1069 1220; x_wconf 83' lang='lat' dir='ltr'><strong>baec</strong></span> <span class='ocrx_word' id='word_1_157' title='bbox 1083 1178 1145 1220; x_wconf 89' lang='lat' dir='ltr'><strong>esse</strong></span> <span class='ocrx_word' id='word_1_158' title='bbox 1158 1163 1242 1233; x_wconf 86' lang='lat' dir='ltr'><strong>dieta,</strong></span> <span class='ocrx_word' id='word_1_159' title='bbox 1259 1174 1288 1220; x_wconf 91' lang='grc' dir='ltr'><strong>ιι</strong></span> <span class='ocrx_word' id='word_1_160' title='bbox 1309 1173 1371 1220; x_wconf 88' lang='lat' dir='ltr'><strong>autc</strong></span> <span class='ocrx_word' id='word_1_161' title='bbox 1386 1166 1471 1222; x_wconf 89' lang='lat' dir='ltr'><strong>colles</strong></span> <span class='ocrx_word' id='word_1_162' title='bbox 1494 1176 1521 1222; x_wconf 86' lang='lat' dir='ltr'><strong>et</strong></span> <span class='ocrx_word' id='word_1_163' title='bbox 1546 1176 1652 1224; x_wconf 83' lang='lat' dir='ltr'><strong>rrrontrs</strong></span> <span class='ocrx_word' id='word_1_164' title='bbox 1665 1176 1694 1224; x_wconf 89' lang='lat' dir='ltr'><strong>et</strong></span> <span class='ocrx_word' id='word_1_165' title='bbox 1708 1175 1810 1226; x_wconf 85' lang='lat' dir='ltr'><strong>terram</strong></span> 
     </span>
     <span class='ocr_line' id='line_1_20' title="bbox 156 1257 1812 1333; baseline 0.002 -15"><span class='ocrx_word' id='word_1_166' title='bbox 156 1271 198 1319; x_wconf 87' lang='lat' dir='ltr'><strong>est</strong></span> <span class='ocrx_word' id='word_1_167' title='bbox 213 1271 276 1318; x_wconf 88' lang='lat' dir='ltr'><strong>ante</strong></span> <span class='ocrx_word' id='word_1_168' title='bbox 288 1261 387 1317; x_wconf 75' lang='lat' dir='ltr'><strong>saccula</strong></span> <span class='ocrx_word' id='word_1_169' title='bbox 402 1259 508 1317; x_wconf 87' lang='lat' dir='ltr'><strong>laudari</strong></span> <span class='ocrx_word' id='word_1_170' title='bbox 522 1303 529 1328; x_wconf 93' lang='lat'><strong>,</strong></span> <span class='ocrx_word' id='word_1_171' title='bbox 544 1261 663 1318; x_wconf 89' lang='lat' dir='ltr'><strong>anterior</strong></span> <span class='ocrx_word' id='word_1_172' title='bbox 676 1259 872 1333; x_wconf 82' lang='lat' dir='ltr'><strong>intelligeretur</strong></span> <span class='ocrx_word' id='word_1_173' title='bbox 897 1273 958 1316; x_wconf 88' lang='lat' dir='ltr'><strong>esse</strong></span> <span class='ocrx_word' id='word_1_174' title='bbox 1009 1272 1070 1314; x_wconf 82' lang='lat' dir='ltr'><strong>esse</strong></span> <span class='ocrx_word' id='word_1_175' title='bbox 1084 1257 1281 1331; x_wconf 87' lang='lat' dir='ltr'><strong>intelligeretur</strong></span> <span class='ocrx_word' id='word_1_176' title='bbox 1292 1257 1343 1332; x_wconf 82' lang='lat' dir='ltr'><strong>(d),</strong></span> <span class='ocrx_word' id='word_1_177' title='bbox 1360 1261 1404 1330; x_wconf 91' lang='lat' dir='ltr'><strong>qui</strong></span> <span class='ocrx_word' id='word_1_178' title='bbox 1427 1275 1469 1328; x_wconf 90' lang='lat' dir='ltr'><strong>ca,</strong></span> <span class='ocrx_word' id='word_1_179' title='bbox 1496 1275 1557 1332; x_wconf 71' lang='lat' dir='ltr'><strong>quse</strong></span> <span class='ocrx_word' id='word_1_180' title='bbox 1572 1270 1635 1319; x_wconf 90' lang='lat' dir='ltr'><strong>ante</strong></span> <span class='ocrx_word' id='word_1_181' title='bbox 1658 1273 1758 1320; x_wconf 89' lang='lat' dir='ltr'><strong>terram</strong></span> <span class='ocrx_word' id='word_1_182' title='bbox 1782 1271 1812 1321; x_wconf 91' lang='lat' dir='ltr'><strong>et</strong></span> 
     </span>
     <span class='ocr_line' id='line_1_21' title="bbox 156 1351 1812 1426; baseline 0.002 -15"><span class='ocrx_word' id='word_1_183' title='bbox 156 1355 294 1412; x_wconf 83' lang='lat' dir='ltr'><strong>creatione</strong></span> <span class='ocrx_word' id='word_1_184' title='bbox 312 1354 451 1412; x_wconf 86' lang='lat' dir='ltr'><strong>laudatio:</strong></span> <span class='ocrx_word' id='word_1_185' title='bbox 472 1355 562 1413; x_wconf 90' lang='lat' dir='ltr'><strong>ctboc</strong></span> <span class='ocrx_word' id='word_1_186' title='bbox 586 1355 774 1426; x_wconf 87' lang='lat' dir='ltr'><strong>ipsam,quod</strong></span> <span class='ocrx_word' id='word_1_187' title='bbox 798 1353 909 1410; x_wconf 89' lang='lat' dir='ltr'><strong>lundata</strong></span> <span class='ocrx_word' id='word_1_188' title='bbox 929 1352 957 1409; x_wconf 92' lang='lat' dir='ltr'><strong>in</strong></span> <span class='ocrx_word' id='word_1_189' title='bbox 1010 1359 1117 1407; x_wconf 86' lang='lat' dir='ltr'><strong>montes</strong></span> <span class='ocrx_word' id='word_1_190' title='bbox 1149 1361 1176 1407; x_wconf 92' lang='lat' dir='ltr'><strong>et</strong></span> <span class='ocrx_word' id='word_1_191' title='bbox 1200 1351 1285 1407; x_wconf 86' lang='lat' dir='ltr'><strong>cuites</strong></span> <span class='ocrx_word' id='word_1_192' title='bbox 1308 1362 1381 1419; x_wconf 84' lang='lat' dir='ltr'><strong>sont,</strong></span> <span class='ocrx_word' id='word_1_193' title='bbox 1407 1353 1547 1409; x_wconf 81' lang='lat' dir='ltr'><strong>latinitatis</strong></span> <span class='ocrx_word' id='word_1_194' title='bbox 1577 1371 1634 1413; x_wconf 81' lang='lat' dir='ltr'><strong>sue</strong></span> <span class='ocrx_word' id='word_1_195' title='bbox 1657 1357 1812 1417; x_wconf 71' lang='lat' dir='ltr'><strong>eternitate</strong></span> 
     </span>
     <span class='ocr_line' id='line_1_22' title="bbox 156 1445 1189 1522; baseline -0.008 -16"><span class='ocrx_word' id='word_1_196' title='bbox 156 1464 238 1520; x_wconf 87' lang='lat' dir='ltr'><strong>opera</strong></span> <span class='ocrx_word' id='word_1_197' title='bbox 251 1457 314 1508; x_wconf 91' lang='lat' dir='ltr'><strong>ante</strong></span> <span class='ocrx_word' id='word_1_198' title='bbox 330 1449 460 1507; x_wconf 80' lang='lat' dir='ltr'><strong>seculum</strong></span> <span class='ocrx_word' id='word_1_199' title='bbox 470 1458 523 1516; x_wconf 88' lang='lat' dir='ltr'><strong>est,</strong></span> <span class='ocrx_word' id='word_1_200' title='bbox 538 1448 577 1522; x_wconf 81' lang='lat' dir='ltr'><strong>(a)</strong></span> <span class='ocrx_word' id='word_1_201' title='bbox 592 1461 790 1506; x_wconf 88' lang='lat' dir='ltr'><strong>sacramentum</strong></span> <span class='ocrx_word' id='word_1_202' title='bbox 811 1448 958 1505; x_wconf 85' lang='lat' dir='ltr'><strong>creationis</strong></span> <span class='ocrx_word' id='word_1_203' title='bbox 1010 1445 1189 1516; x_wconf 78' lang='lat' dir='ltr'><strong>precelleret.</strong></span> 
     </span>
     <span class='ocr_line' id='line_1_23' title="bbox 155 1536 1812 1618; baseline 0.001 -19"><span class='ocrx_word' id='word_1_204' title='bbox 155 1543 331 1610; x_wconf 88' lang='lat' dir='ltr'><strong>ostenderet;</strong></span> <span class='ocrx_word' id='word_1_205' title='bbox 347 1543 409 1611; x_wconf 90' lang='lat' dir='ltr'><strong>qnia</strong></span> <span class='ocrx_word' id='word_1_206' title='bbox 423 1540 544 1618; x_wconf 80' lang='lat' dir='ltr'><strong>fundatio</strong></span> <span class='ocrx_word' id='word_1_207' title='bbox 566 1551 629 1598; x_wconf 91' lang='lat' dir='ltr'><strong>onte</strong></span> <span class='ocrx_word' id='word_1_208' title='bbox 649 1542 791 1611; x_wconf 87' lang='lat' dir='ltr'><strong>saecolum,</strong></span> <span class='ocrx_word' id='word_1_209' title='bbox 813 1551 841 1599; x_wconf 92' lang='lat' dir='ltr'><strong>et</strong></span> <span class='ocrx_word' id='word_1_210' title='bbox 855 1543 957 1598; x_wconf 84' lang='lat' dir='ltr'><strong>creatio</strong></span> <span class='ocrx_word' id='word_1_211' title='bbox 1046 1537 1091 1594; x_wconf 82' lang='lat'><strong>58.</strong></span> <span class='ocrx_word' id='word_1_212' title='bbox 1114 1536 1276 1608; x_wconf 80' lang='lat' dir='ltr'><strong>draptrritutenr</strong></span> <span class='ocrx_word' id='word_1_213' title='bbox 1296 1556 1370 1593; x_wconf 84' lang='lat' dir='ltr'><strong>suana</strong></span> <span class='ocrx_word' id='word_1_214' title='bbox 1391 1549 1513 1613; x_wconf 86' lang='lat' dir='ltr'><strong>qaoatarn</strong></span> <span class='ocrx_word' id='word_1_215' title='bbox 1529 1540 1586 1597; x_wconf 81' lang='lat' dir='ltr'><strong>licet</strong></span> <span class='ocrx_word' id='word_1_216' title='bbox 1606 1543 1742 1613; x_wconf 78' lang='lat' dir='ltr'><strong>explicuit,</strong></span> <span class='ocrx_word' id='word_1_217' title='bbox 1765 1561 1812 1618; x_wconf 86' lang='lat' dir='ltr'><strong>per</strong></span> 
     </span>
     <span class='ocr_line' id='line_1_24' title="bbox 155 1633 1825 1706; baseline 0.002 -12"><span class='ocrx_word' id='word_1_218' title='bbox 155 1637 183 1694; x_wconf 93' lang='lat' dir='ltr'><strong>in</strong></span> <span class='ocrx_word' id='word_1_219' title='bbox 197 1638 300 1692; x_wconf 88' lang='lat' dir='ltr'><strong>viarum</strong></span> <span class='ocrx_word' id='word_1_220' title='bbox 312 1636 418 1692; x_wconf 91' lang='lat' dir='ltr'><strong>initium</strong></span> <span class='ocrx_word' id='word_1_221' title='bbox 431 1644 512 1706; x_wconf 86' lang='lat' dir='ltr'><strong>atque</strong></span> <span class='ocrx_word' id='word_1_222' title='bbox 525 1635 552 1690; x_wconf 91' lang='lat' dir='ltr'><strong>in</strong></span> <span class='ocrx_word' id='word_1_223' title='bbox 564 1649 646 1705; x_wconf 88' lang='lat' dir='ltr'><strong>opera</strong></span> <span class='ocrx_word' id='word_1_224' title='bbox 659 1643 719 1705; x_wconf 91' lang='lat' dir='ltr'><strong>post</strong></span> <span class='ocrx_word' id='word_1_225' title='bbox 729 1634 857 1691; x_wconf 78' lang='lat' dir='ltr'><strong>seutdom</strong></span> <span class='ocrx_word' id='word_1_226' title='bbox 873 1633 919 1690; x_wconf 88' lang='lat' dir='ltr'><strong>sit.</strong></span> <span class='ocrx_word' id='word_1_227' title='bbox 1009 1643 1095 1689; x_wconf 84' lang='lat' dir='ltr'><strong>creata</strong></span> <span class='ocrx_word' id='word_1_228' title='bbox 1119 1634 1302 1704; x_wconf 83' lang='lat' dir='ltr'><strong>eourprelrendi</strong></span> <span class='ocrx_word' id='word_1_229' title='bbox 1316 1651 1367 1689; x_wconf 81' lang='lat' dir='ltr'><strong>nora</strong></span> <span class='ocrx_word' id='word_1_230' title='bbox 1382 1637 1475 1706; x_wconf 89' lang='lat' dir='ltr'><strong>potnit.</strong></span> <span class='ocrx_word' id='word_1_231' title='bbox 1500 1635 1604 1694; x_wconf 91' lang='lat' dir='ltr'><strong>-Sed</strong></span> <span class='ocrx_word' id='word_1_232' title='bbox 1626 1653 1737 1694; x_wconf 88' lang='lat' dir='ltr'><strong>sensum</strong></span> <span class='ocrx_word' id='word_1_233' title='bbox 1761 1653 1825 1700; x_wconf 85' lang='lat' dir='ltr'><strong>no-.</strong></span> 
     </span>
     <span class='ocr_line' id='line_1_25' title="bbox 187 1724 1810 1804; baseline 0.002 -19"><span class='ocrx_word' id='word_1_234' title='bbox 187 1728 233 1786; x_wconf 76' lang='lat' dir='ltr'><strong>at.</strong></span> <span class='ocrx_word' id='word_1_235' title='bbox 243 1727 325 1802; x_wconf 63' lang='lat' dir='ltr'><strong>m</strong></span> <span class='ocrx_word' id='word_1_236' title='bbox 336 1727 397 1783; x_wconf 84' lang='lat' dir='ltr'><strong>Non</strong></span> <span class='ocrx_word' id='word_1_237' title='bbox 407 1727 576 1800; x_wconf 82' lang='lat' dir='ltr'><strong>terrrpore,sad</strong></span> <span class='ocrx_word' id='word_1_238' title='bbox 583 1725 724 1782; x_wconf 80' lang='lat' dir='ltr'><strong>eternitate</strong></span> <span class='ocrx_word' id='word_1_239' title='bbox 732 1725 856 1783; x_wconf 79' lang='lat' dir='ltr'><strong>seculum</strong></span> <span class='ocrx_word' id='word_1_240' title='bbox 864 1741 959 1797; x_wconf 81' lang='lat' dir='ltr'><strong>proece·</strong></span> <span class='ocrx_word' id='word_1_241' title='bbox 972 1724 998 1792; x_wconf 84' lang='lat' dir='ltr'>B</span> <span class='ocrx_word' id='word_1_242' title='bbox 1011 1735 1096 1784; x_wconf 90' lang='lat' dir='ltr'><strong>strum</strong></span> <span class='ocrx_word' id='word_1_243' title='bbox 1110 1742 1200 1784; x_wconf 88' lang='lat' dir='ltr'><strong>sermo</strong></span> <span class='ocrx_word' id='word_1_244' title='bbox 1215 1727 1324 1783; x_wconf 88' lang='lat' dir='ltr'><strong>diuinus</strong></span> <span class='ocrx_word' id='word_1_245' title='bbox 1338 1744 1390 1783; x_wconf 92' lang='lat' dir='ltr'><strong>non</strong></span> <span class='ocrx_word' id='word_1_246' title='bbox 1413 1729 1521 1801; x_wconf 89' lang='lat' dir='ltr'><strong>inopem</strong></span> <span class='ocrx_word' id='word_1_247' title='bbox 1545 1730 1658 1786; x_wconf 89' lang='lat' dir='ltr'><strong>rationis</strong></span> <span class='ocrx_word' id='word_1_248' title='bbox 1682 1733 1810 1804; x_wconf 86' lang='lat' dir='ltr'><strong>reliquit;</strong></span> 
     </span>
     <span class='ocr_line' id='line_1_26' title="bbox 157 1816 1811 1895; baseline 0.003 -17"><span class='ocrx_word' id='word_1_249' title='bbox 157 1823 206 1878; x_wconf 82' lang='lat' dir='ltr'><strong>dit.</strong></span> <span class='ocrx_word' id='word_1_250' title='bbox 221 1822 329 1879; x_wconf 87' lang='lat' dir='ltr'><strong>-tam</strong></span> <span class='ocrx_word' id='word_1_251' title='bbox 344 1836 408 1877; x_wconf 88' lang='lat' dir='ltr'><strong>vero</strong></span> <span class='ocrx_word' id='word_1_252' title='bbox 422 1836 456 1877; x_wconf 89' lang='lat' dir='ltr'><strong>ne</strong></span> <span class='ocrx_word' id='word_1_253' title='bbox 470 1820 572 1876; x_wconf 87' lang='lat' dir='ltr'><strong>creatio</strong></span> <span class='ocrx_word' id='word_1_254' title='bbox 587 1826 615 1875; x_wconf 90' lang='lat' dir='ltr'><strong>et</strong></span> <span class='ocrx_word' id='word_1_255' title='bbox 630 1816 751 1874; x_wconf 76' lang='lat' dir='ltr'><strong>fundatio</strong></span> <span class='ocrx_word' id='word_1_256' title='bbox 765 1818 844 1875; x_wconf 86' lang='lat' dir='ltr'><strong>iidem</strong></span> <span class='ocrx_word' id='word_1_257' title='bbox 858 1817 956 1874; x_wconf 78' lang='lat' dir='ltr'><strong>divinar</strong></span> <span class='ocrx_word' id='word_1_258' title='bbox 1008 1837 1071 1876; x_wconf 88' lang='lat' dir='ltr'><strong>narn</strong></span> <span class='ocrx_word' id='word_1_259' title='bbox 1094 1836 1203 1877; x_wconf 89' lang='lat' dir='ltr'><strong>eausam</strong></span> <span class='ocrx_word' id='word_1_260' title='bbox 1227 1821 1291 1877; x_wconf 91' lang='lat' dir='ltr'><strong>dicti</strong></span> <span class='ocrx_word' id='word_1_261' title='bbox 1306 1838 1354 1892; x_wconf 90' lang='lat' dir='ltr'><strong>per</strong></span> <span class='ocrx_word' id='word_1_262' title='bbox 1373 1823 1432 1877; x_wconf 82' lang='lat' dir='ltr'><strong>irae</strong></span> <span class='ocrx_word' id='word_1_263' title='bbox 1453 1839 1514 1894; x_wconf 87' lang='lat' dir='ltr'><strong>qnae</strong></span> <span class='ocrx_word' id='word_1_264' title='bbox 1536 1837 1742 1895; x_wconf 85' lang='lat' dir='ltr'><strong>consequamur</strong></span> <span class='ocrx_word' id='word_1_265' title='bbox 1763 1840 1811 1883; x_wconf 82' lang='lat' dir='ltr'><strong>os·</strong></span> 
     </span>
     <span class='ocr_line' id='line_1_27' title="bbox 155 1909 1812 1987; baseline -0.001 -15"><span class='ocrx_word' id='word_1_266' title='bbox 155 1915 303 1973; x_wconf 80' lang='lat' dir='ltr'><strong>nativitatis</strong></span> <span class='ocrx_word' id='word_1_267' title='bbox 318 1913 486 1981; x_wconf 81' lang='lat' dir='ltr'><strong>offenderet,</strong></span> <span class='ocrx_word' id='word_1_268' title='bbox 502 1913 644 1984; x_wconf 87' lang='lat' dir='ltr'><strong>sequitur:</strong></span> <span class='ocrx_word' id='word_1_269' title='bbox 662 1909 742 1966; x_wconf 78' lang='lat' dir='ltr'><strong>Prius</strong></span> <span class='ocrx_word' id='word_1_270' title='bbox 762 1927 841 1982; x_wconf 87' lang='lat' dir='ltr'><strong>quum</strong></span> <span class='ocrx_word' id='word_1_271' title='bbox 862 1921 957 1966; x_wconf 85' lang='lat' dir='ltr'><strong>terrum</strong></span> <span class='ocrx_word' id='word_1_272' title='bbox 1009 1912 1116 1970; x_wconf 90' lang='lat' dir='ltr'><strong>tendit:</strong></span> <span class='ocrx_word' id='word_1_273' title='bbox 1135 1913 1204 1968; x_wconf 80' lang='lat' dir='ltr'><strong>Deua</strong></span> <span class='ocrx_word' id='word_1_274' title='bbox 1218 1914 1278 1986; x_wconf 72' lang='lat' dir='ltr'><strong>[ecit</strong></span> <span class='ocrx_word' id='word_1_275' title='bbox 1291 1915 1419 1987; x_wconf 84' lang='lat' dir='ltr'><strong>repioncr,</strong></span> <span class='ocrx_word' id='word_1_276' title='bbox 1436 1922 1459 1968; x_wconf 91' lang='lat' dir='ltr'><strong>et</strong></span> <span class='ocrx_word' id='word_1_277' title='bbox 1472 1914 1661 1981; x_wconf 80' lang='lat' dir='ltr'><strong>inhabitabilia,</strong></span> <span class='ocrx_word' id='word_1_278' title='bbox 1686 1927 1710 1970; x_wconf 84' lang='lat' dir='ltr'><strong>ct</strong></span> <span class='ocrx_word' id='word_1_279' title='bbox 1731 1933 1812 1971; x_wconf 84' lang='lat' dir='ltr'><strong>cucu-</strong></span> 
     </span>
     <span class='ocr_line' id='line_1_28' title="bbox 155 2002 1810 2081; baseline 0.001 -18"><span class='ocrx_word' id='word_1_280' title='bbox 155 2012 262 2079; x_wconf 75' lang='lat' dir='ltr'><strong>luceret,</strong></span> <span class='ocrx_word' id='word_1_281' title='bbox 274 2007 347 2081; x_wconf 82' lang='lat' dir='ltr'><strong>prius</strong></span> <span class='ocrx_word' id='word_1_282' title='bbox 360 2022 439 2079; x_wconf 86' lang='lat' dir='ltr'><strong>quam</strong></span> <span class='ocrx_word' id='word_1_283' title='bbox 452 2015 550 2061; x_wconf 84' lang='lat' dir='ltr'><strong>naorrter</strong></span> <span class='ocrx_word' id='word_1_284' title='bbox 564 2003 700 2068; x_wconf 83' lang='lat' dir='ltr'><strong>stabiliret,</strong></span> <span class='ocrx_word' id='word_1_285' title='bbox 716 2014 775 2059; x_wconf 85' lang='lat' dir='ltr'><strong>oute</strong></span> <span class='ocrx_word' id='word_1_286' title='bbox 792 2019 880 2059; x_wconf 85' lang='lat' dir='ltr'><strong>omrrrr</strong></span> <span class='ocrx_word' id='word_1_287' title='bbox 903 2002 957 2060; x_wconf 81' lang='lat' dir='ltr'><strong>coi-</strong></span> <span class='ocrx_word' id='word_1_288' title='bbox 1007 2008 1079 2064; x_wconf 85' lang='lat' dir='ltr'><strong>urina</strong></span> <span class='ocrx_word' id='word_1_289' title='bbox 1098 2023 1155 2079; x_wconf 83' lang='lat' dir='ltr'><strong>qma</strong></span> <span class='ocrx_word' id='word_1_290' title='bbox 1181 2007 1330 2061; x_wconf 84' lang='lat' dir='ltr'><strong>traditurum·</strong></span> <span class='ocrx_word' id='word_1_291' title='bbox 1353 2007 1399 2061; x_wconf 84' lang='lat' dir='ltr'><strong>aab</strong></span> <span class='ocrx_word' id='word_1_292' title='bbox 1414 2007 1487 2061; x_wconf 85' lang='lat' dir='ltr'><strong>roelo.</strong></span> <span class='ocrx_word' id='word_1_293' title='bbox 1503 2006 1568 2061; x_wconf 80' lang='lat' dir='ltr'><strong>Cum</strong></span> <span class='ocrx_word' id='word_1_294' title='bbox 1581 2018 1683 2078; x_wconf 86' lang='lat' dir='ltr'><strong>pararet</strong></span> <span class='ocrx_word' id='word_1_295' title='bbox 1698 2008 1810 2079; x_wconf 76' lang='lat' dir='ltr'><strong>celant,</strong></span> 
     </span>
     <span class='ocr_line' id='line_1_29' title="bbox 157 2097 1812 2180; baseline 0.002 -24"><span class='ocrx_word' id='word_1_296' title='bbox 157 2102 194 2157; x_wconf 84' lang='lat' dir='ltr'><strong>ier</strong></span> <span class='ocrx_word' id='word_1_297' title='bbox 217 2101 307 2174; x_wconf 79' lang='lat' dir='ltr'><strong>parauit</strong></span> <span class='ocrx_word' id='word_1_298' title='bbox 328 2116 370 2155; x_wconf 86' lang='lat' dir='ltr'><strong>mc</strong></span> <span class='ocrx_word' id='word_1_299' title='bbox 392 2097 473 2172; x_wconf 87' lang='lat' dir='ltr'><strong>(ibid.</strong></span> <span class='ocrx_word' id='word_1_300' title='bbox 487 2097 523 2154; x_wconf 73' lang='lat'><strong>25</strong></span> <span class='ocrx_word' id='word_1_301' title='bbox 536 2109 558 2153; x_wconf 86' lang='lat' dir='ltr'><strong>et</strong></span> <span class='ocrx_word' id='word_1_302' title='bbox 573 2098 630 2180; x_wconf 55' lang='grc' dir='ltr'>ιιι.</span> <span class='ocrx_word' id='word_1_303' title='bbox 646 2097 705 2153; x_wconf 86' lang='lat' dir='ltr'><strong>lam</strong></span> <span class='ocrx_word' id='word_1_304' title='bbox 719 2098 824 2169; x_wconf 85' lang='lat' dir='ltr'><strong>genitus</strong></span> <span class='ocrx_word' id='word_1_305' title='bbox 836 2106 878 2153; x_wconf 93' lang='lat' dir='ltr'><strong>est</strong></span> <span class='ocrx_word' id='word_1_306' title='bbox 892 2105 957 2153; x_wconf 87' lang='lat' dir='ltr'><strong>ante</strong></span> <span class='ocrx_word' id='word_1_307' title='bbox 1007 2099 1044 2173; x_wconf 78' lang='lat' dir='ltr'><strong>(et</strong></span> <span class='ocrx_word' id='word_1_308' title='bbox 1053 2117 1123 2156; x_wconf 85' lang='lat' dir='ltr'><strong>rrum</strong></span> <span class='ocrx_word' id='word_1_309' title='bbox 1135 2116 1193 2154; x_wconf 89' lang='lat' dir='ltr'><strong>cum</strong></span> <span class='ocrx_word' id='word_1_310' title='bbox 1203 2100 1259 2167; x_wconf 88' lang='lat' dir='ltr'><strong>itta,</strong></span> <span class='ocrx_word' id='word_1_311' title='bbox 1274 2099 1365 2171; x_wconf 48' lang='lat' dir='ltr'><strong>ctsseum</strong></span> <span class='ocrx_word' id='word_1_312' title='bbox 1379 2099 1419 2172; x_wconf 77' lang='lat' dir='ltr'><strong>(l)</strong></span> <span class='ocrx_word' id='word_1_313' title='bbox 1430 2100 1577 2172; x_wconf 79' lang='lat' dir='ltr'><strong>aeprapabar</strong></span> <span class='ocrx_word' id='word_1_314' title='bbox 1588 2117 1661 2156; x_wconf 82' lang='lat' dir='ltr'><strong>ruant</strong></span> <span class='ocrx_word' id='word_1_315' title='bbox 1672 2099 1757 2174; x_wconf 66' lang='grc'><strong>430</strong></span> <span class='ocrx_word' id='word_1_316' title='bbox 1767 2119 1812 2159; x_wconf 77' lang='lat' dir='ltr'><strong>ae·</strong></span> 
     </span>
     <span class='ocr_line' id='line_1_30' title="bbox 157 2190 1812 2267; baseline 0.002 -19"><span class='ocrx_word' id='word_1_317' title='bbox 157 2202 267 2263; x_wconf 85' lang='lat' dir='ltr'><strong>terram,</strong></span> <span class='ocrx_word' id='word_1_318' title='bbox 283 2191 324 2267; x_wconf 87' lang='lat' dir='ltr'><strong>(l)</strong></span> <span class='ocrx_word' id='word_1_319' title='bbox 339 2190 460 2264; x_wconf 88' lang='lat' dir='ltr'><strong>quiante</strong></span> <span class='ocrx_word' id='word_1_320' title='bbox 474 2192 603 2247; x_wconf 73' lang='lat' dir='ltr'><strong>saecolum</strong></span> <span class='ocrx_word' id='word_1_321' title='bbox 625 2190 752 2247; x_wconf 88' lang='lat' dir='ltr'><strong>laudatus</strong></span> <span class='ocrx_word' id='word_1_322' title='bbox 765 2200 809 2248; x_wconf 87' lang='lat' dir='ltr'><strong>est</strong></span> <span class='ocrx_word' id='word_1_323' title='bbox 833 2207 841 2245; x_wconf 93' lang='lat'><strong>:</strong></span> <span class='ocrx_word' id='word_1_324' title='bbox 867 2205 955 2262; x_wconf 88' lang='lat' dir='ltr'><strong>neque</strong></span> <span class='ocrx_word' id='word_1_325' title='bbox 1007 2193 1076 2249; x_wconf 75' lang='lat' dir='ltr'><strong>uteru.</strong></span> <span class='ocrx_word' id='word_1_326' title='bbox 1094 2191 1204 2260; x_wconf 84' lang='lat' dir='ltr'><strong>Quando</strong></span> <span class='ocrx_word' id='word_1_327' title='bbox 1217 2208 1294 2263; x_wconf 73' lang='lat' dir='ltr'><strong>cuper</strong></span> <span class='ocrx_word' id='word_1_328' title='bbox 1307 2201 1393 2247; x_wconf 81' lang='lat' dir='ltr'><strong>arator</strong></span> <span class='ocrx_word' id='word_1_329' title='bbox 1413 2193 1512 2247; x_wconf 75' lang='lat' dir='ltr'><strong>ualidas</strong></span> <span class='ocrx_word' id='word_1_330' title='bbox 1527 2194 1637 2266; x_wconf 72' lang='lat' dir='ltr'><strong>[eiciebat</strong></span> <span class='ocrx_word' id='word_1_331' title='bbox 1659 2195 1685 2249; x_wconf 85' lang='grc' dir='ltr'><strong>ιι</strong></span> <span class='ocrx_word' id='word_1_332' title='bbox 1706 2211 1812 2252; x_wconf 78' lang='lat' dir='ltr'><strong>sauram</strong></span> 
     </span>
     <span class='ocr_line' id='line_1_31' title="bbox 155 2285 1812 2362; baseline 0 -16"><span class='ocrx_word' id='word_1_333' title='bbox 155 2289 243 2346; x_wconf 87' lang='lat' dir='ltr'><strong>sulam</strong></span> <span class='ocrx_word' id='word_1_334' title='bbox 265 2296 329 2344; x_wconf 90' lang='lat' dir='ltr'><strong>ante</strong></span> <span class='ocrx_word' id='word_1_335' title='bbox 352 2297 463 2354; x_wconf 88' lang='lat' dir='ltr'><strong>terram,</strong></span> <span class='ocrx_word' id='word_1_336' title='bbox 487 2285 535 2343; x_wconf 85' lang='lat' dir='ltr'><strong>sed</strong></span> <span class='ocrx_word' id='word_1_337' title='bbox 559 2285 641 2342; x_wconf 88' lang='lat' dir='ltr'><strong>ctiam</strong></span> <span class='ocrx_word' id='word_1_338' title='bbox 658 2291 726 2341; x_wconf 79' lang='lat' dir='ltr'><strong>ante</strong></span> <span class='ocrx_word' id='word_1_339' title='bbox 747 2295 853 2340; x_wconf 88' lang='lat' dir='ltr'><strong>arantes</strong></span> <span class='ocrx_word' id='word_1_340' title='bbox 874 2294 954 2355; x_wconf 88' lang='lat' dir='ltr'><strong>atquo</strong></span> <span class='ocrx_word' id='word_1_341' title='bbox 1005 2288 1094 2354; x_wconf 86' lang='lat' dir='ltr'><strong>nuber,</strong></span> <span class='ocrx_word' id='word_1_342' title='bbox 1116 2298 1140 2343; x_wconf 87' lang='lat' dir='ltr'><strong>et</strong></span> <span class='ocrx_word' id='word_1_343' title='bbox 1162 2305 1222 2343; x_wconf 79' lang='lat' dir='ltr'><strong>raas</strong></span> <span class='ocrx_word' id='word_1_344' title='bbox 1240 2299 1321 2345; x_wconf 79' lang='lat' dir='ltr'><strong>certos</strong></span> <span class='ocrx_word' id='word_1_345' title='bbox 1347 2290 1454 2359; x_wconf 81' lang='lat' dir='ltr'><strong>praedm</strong></span> <span class='ocrx_word' id='word_1_346' title='bbox 1472 2286 1508 2362; x_wconf 75' lang='lat' dir='ltr'><strong>(p)</strong></span> <span class='ocrx_word' id='word_1_347' title='bbox 1523 2293 1607 2362; x_wconf 70' lang='lat' dir='ltr'><strong>pratea</strong></span> <span class='ocrx_word' id='word_1_348' title='bbox 1630 2288 1676 2344; x_wconf 84' lang='lat' dir='ltr'><strong>rol</strong></span> <span class='ocrx_word' id='word_1_349' title='bbox 1692 2290 1769 2358; x_wconf 86' lang='lat' dir='ltr'><strong>coeto,</strong></span> <span class='ocrx_word' id='word_1_350' title='bbox 1786 2301 1812 2347; x_wconf 82' lang='lat' dir='ltr'><strong>et</strong></span> 
     </span>
     <span class='ocr_line' id='line_1_32' title="bbox 154 2375 1812 2453; baseline -0.001 -13"><span class='ocrx_word' id='word_1_351' title='bbox 154 2382 247 2440; x_wconf 86' lang='lat' dir='ltr'><strong>colles.</strong></span> <span class='ocrx_word' id='word_1_352' title='bbox 264 2381 300 2437; x_wconf 85' lang='lat' dir='ltr'><strong>Et</strong></span> <span class='ocrx_word' id='word_1_353' title='bbox 313 2381 341 2437; x_wconf 90' lang='lat' dir='ltr'><strong>in</strong></span> <span class='ocrx_word' id='word_1_354' title='bbox 356 2380 398 2437; x_wconf 88' lang='lat' dir='ltr'><strong>iris</strong></span> <span class='ocrx_word' id='word_1_355' title='bbox 410 2377 520 2452; x_wconf 85' lang='lat' dir='ltr'><strong>quidem</strong></span> <span class='ocrx_word' id='word_1_356' title='bbox 535 2377 597 2449; x_wconf 88' lang='lat' dir='ltr'><strong>quia</strong></span> <span class='ocrx_word' id='word_1_357' title='bbox 613 2376 647 2434; x_wconf 86' lang='lat' dir='ltr'><strong>de</strong></span> <span class='ocrx_word' id='word_1_358' title='bbox 671 2391 700 2433; x_wconf 87' lang='lat' dir='ltr'><strong>se</strong></span> <span class='ocrx_word' id='word_1_359' title='bbox 714 2375 851 2446; x_wconf 76' lang='lat' dir='ltr'><strong>Sapientia</strong></span> <span class='ocrx_word' id='word_1_360' title='bbox 866 2376 953 2447; x_wconf 83' lang='lat' dir='ltr'><strong>ioqui·</strong></span> <span class='ocrx_word' id='word_1_361' title='bbox 1004 2396 1064 2434; x_wconf 84' lang='lat' dir='ltr'><strong>eum</strong></span> <span class='ocrx_word' id='word_1_362' title='bbox 1088 2380 1169 2452; x_wconf 75' lang='lat' dir='ltr'><strong>fortio</strong></span> <span class='ocrx_word' id='word_1_363' title='bbox 1188 2379 1297 2450; x_wconf 71' lang='lat' dir='ltr'><strong>faciebat</strong></span> <span class='ocrx_word' id='word_1_364' title='bbox 1309 2381 1477 2450; x_wconf 68' lang='lat' dir='ltr'><strong>fondamento</strong></span> <span class='ocrx_word' id='word_1_365' title='bbox 1491 2391 1576 2447; x_wconf 76' lang='lat' dir='ltr'><strong>terre,</strong></span> <span class='ocrx_word' id='word_1_366' title='bbox 1591 2396 1636 2452; x_wconf 82' lang='lat' dir='ltr'><strong>eqo</strong></span> <span class='ocrx_word' id='word_1_367' title='bbox 1650 2398 1723 2436; x_wconf 86' lang='lat' dir='ltr'><strong>erum</strong></span> <span class='ocrx_word' id='word_1_368' title='bbox 1736 2383 1812 2453; x_wconf 75' lang='lat' dir='ltr'><strong>apud</strong></span> 
     </span>
     <span class='ocr_line' id='line_1_33' title="bbox 154 2469 1812 2549; baseline -0.001 -17"><span class='ocrx_word' id='word_1_369' title='bbox 154 2485 210 2544; x_wconf 92' lang='lat' dir='ltr'><strong>tur,</strong></span> <span class='ocrx_word' id='word_1_370' title='bbox 225 2476 287 2549; x_wconf 92' lang='lat' dir='ltr'><strong>plus</strong></span> <span class='ocrx_word' id='word_1_371' title='bbox 302 2474 420 2548; x_wconf 91' lang='lat' dir='ltr'><strong>loquitur</strong></span> <span class='ocrx_word' id='word_1_372' title='bbox 432 2487 511 2546; x_wconf 89' lang='lat' dir='ltr'><strong>quam</strong></span> <span class='ocrx_word' id='word_1_373' title='bbox 527 2471 644 2528; x_wconf 88' lang='lat' dir='ltr'><strong>auditur.</strong></span> <span class='ocrx_word' id='word_1_374' title='bbox 660 2470 757 2528; x_wconf 88' lang='lat' dir='ltr'><strong>Omnia</strong></span> <span class='ocrx_word' id='word_1_375' title='bbox 769 2470 852 2536; x_wconf 87' lang='lat' dir='ltr'><strong>enim,</strong></span> <span class='ocrx_word' id='word_1_376' title='bbox 876 2485 951 2541; x_wconf 76' lang='lat' dir='ltr'><strong>quao-</strong></span> <span class='ocrx_word' id='word_1_377' title='bbox 1002 2471 1077 2527; x_wconf 87' lang='lat' dir='ltr'><strong>ittam</strong></span> <span class='ocrx_word' id='word_1_378' title='bbox 1091 2469 1387 2545; x_wconf 74' lang='lat' dir='ltr'><strong>eorrrpouenril&#39;rouerb.</strong></span> <span class='ocrx_word' id='word_1_379' title='bbox 1403 2487 1460 2541; x_wconf 88' lang='lat' dir='ltr'><strong>mrr,</strong></span> <span class='ocrx_word' id='word_1_380' title='bbox 1474 2471 1632 2539; x_wconf 51' lang='lat' dir='ltr'><strong>timerrad.</strong></span> <span class='ocrx_word' id='word_1_381' title='bbox 1648 2471 1727 2546; x_wconf 84' lang='lat' dir='ltr'><strong>uxr).</strong></span> <span class='ocrx_word' id='word_1_382' title='bbox 1742 2474 1812 2545; x_wconf 81' lang='lat' dir='ltr'><strong>Quia</strong></span> 
     </span>
     <span class='ocr_line' id='line_1_34' title="bbox 154 2562 1811 2641; baseline 0 -16"><span class='ocrx_word' id='word_1_383' title='bbox 154 2583 269 2641; x_wconf 90' lang='lat' dir='ltr'><strong>cumque</strong></span> <span class='ocrx_word' id='word_1_384' title='bbox 301 2566 336 2623; x_wconf 90' lang='lat' dir='ltr'><strong>ad</strong></span> <span class='ocrx_word' id='word_1_385' title='bbox 364 2564 505 2622; x_wconf 89' lang='lat' dir='ltr'><strong>inimitatis</strong></span> <span class='ocrx_word' id='word_1_386' title='bbox 528 2564 730 2636; x_wconf 81' lang='lat' dir='ltr'><strong>intelligentiam</strong></span> <span class='ocrx_word' id='word_1_387' title='bbox 755 2562 949 2636; x_wconf 81' lang='lat' dir='ltr'><strong>significantur,</strong></span> <span class='ocrx_word' id='word_1_388' title='bbox 1004 2564 1048 2621; x_wconf 90' lang='lat' dir='ltr'><strong>iric</strong></span> <span class='ocrx_word' id='word_1_389' title='bbox 1067 2574 1217 2632; x_wconf 88' lang='lat' dir='ltr'><strong>temporum</strong></span> <span class='ocrx_word' id='word_1_390' title='bbox 1238 2564 1314 2620; x_wconf 91' lang='lat' dir='ltr'><strong>iocus</strong></span> <span class='ocrx_word' id='word_1_391' title='bbox 1329 2565 1390 2620; x_wconf 85' lang='lat' dir='ltr'><strong>cst?</strong></span> <span class='ocrx_word' id='word_1_392' title='bbox 1405 2566 1458 2619; x_wconf 91' lang='lat' dir='ltr'><strong>Aut</strong></span> <span class='ocrx_word' id='word_1_393' title='bbox 1472 2579 1527 2636; x_wconf 92' lang='lat' dir='ltr'><strong>quo</strong></span> <span class='ocrx_word' id='word_1_394' title='bbox 1541 2580 1571 2621; x_wconf 89' lang='lat' dir='ltr'><strong>se</strong></span> <span class='ocrx_word' id='word_1_395' title='bbox 1591 2565 1744 2624; x_wconf 80' lang='lat' dir='ltr'><strong>extendere</strong></span> <span class='ocrx_word' id='word_1_396' title='bbox 1768 2569 1811 2625; x_wconf 91' lang='lat' dir='ltr'><strong>oi-</strong></span> 
     </span>
     <span class='ocr_line' id='line_1_35' title="bbox 152 2653 1809 2730; baseline 0.001 -13"><span class='ocrx_word' id='word_1_397' title='bbox 152 2659 231 2717; x_wconf 89' lang='lat' dir='ltr'><strong>istius</strong></span> <span class='ocrx_word' id='word_1_398' title='bbox 246 2660 319 2717; x_wconf 92' lang='lat' dir='ltr'><strong>modi</strong></span> <span class='ocrx_word' id='word_1_399' title='bbox 333 2673 394 2716; x_wconf 86' lang='lat' dir='ltr'><strong>esse</strong></span> <span class='ocrx_word' id='word_1_400' title='bbox 406 2664 524 2728; x_wconf 89' lang='lat' dir='ltr'><strong>oportet,</strong></span> <span class='ocrx_word' id='word_1_401' title='bbox 540 2672 574 2712; x_wconf 91' lang='lat' dir='ltr'><strong>ne</strong></span> <span class='ocrx_word' id='word_1_402' title='bbox 593 2658 633 2712; x_wconf 88' lang='lat' dir='ltr'><strong>rei</strong></span> <span class='ocrx_word' id='word_1_403' title='bbox 655 2656 778 2728; x_wconf 88' lang='lat' dir='ltr'><strong>cuiquam</strong></span> <span class='ocrx_word' id='word_1_404' title='bbox 791 2664 837 2711; x_wconf 90' lang='lat' dir='ltr'><strong>aot</strong></span> <span class='ocrx_word' id='word_1_405' title='bbox 858 2653 950 2725; x_wconf 78' lang='lat' dir='ltr'><strong>generi</strong></span> <span class='ocrx_word' id='word_1_406' title='bbox 1003 2663 1044 2711; x_wconf 90' lang='lat' dir='ltr'><strong>tra</strong></span> <span class='ocrx_word' id='word_1_407' title='bbox 1056 2654 1094 2730; x_wconf 84' lang='lat' dir='ltr'><strong>(q)</strong></span> <span class='ocrx_word' id='word_1_408' title='bbox 1121 2654 1252 2711; x_wconf 88' lang='lat' dir='ltr'><strong>intlaitam</strong></span> <span class='ocrx_word' id='word_1_409' title='bbox 1268 2655 1397 2728; x_wconf 84' lang='lat' dir='ltr'><strong>anigeniti</strong></span> <span class='ocrx_word' id='word_1_410' title='bbox 1413 2654 1459 2711; x_wconf 83' lang='lat' dir='ltr'><strong>liei</strong></span> <span class='ocrx_word' id='word_1_411' title='bbox 1485 2654 1662 2720; x_wconf 77' lang='lat' dir='ltr'><strong>nativitatem,</strong></span> <span class='ocrx_word' id='word_1_412' title='bbox 1678 2656 1809 2718; x_wconf 76' lang='lat' dir='ltr'><strong>bunnae</strong></span> 
     </span>
     <span class='ocr_line' id='line_1_36' title="bbox 153 2748 1808 2824; baseline 0 -14"><span class='ocrx_word' id='word_1_413' title='bbox 153 2753 272 2812; x_wconf 87' lang='lat' dir='ltr'><strong>secunda</strong></span> <span class='ocrx_word' id='word_1_414' title='bbox 296 2755 323 2810; x_wconf 89' lang='lat' dir='ltr'><strong>in</strong></span> <span class='ocrx_word' id='word_1_415' title='bbox 349 2764 471 2824; x_wconf 88' lang='lat' dir='ltr'><strong>tempore</strong></span> <span class='ocrx_word' id='word_1_416' title='bbox 493 2753 558 2807; x_wconf 89' lang='lat' dir='ltr'><strong>sint.</strong></span> <span class='ocrx_word' id='word_1_417' title='bbox 581 2751 715 2807; x_wconf 78' lang='lat' dir='ltr'><strong>Ceterum</strong></span> <span class='ocrx_word' id='word_1_418' title='bbox 738 2750 772 2805; x_wconf 85' lang='lat' dir='ltr'><strong>ad</strong></span> <span class='ocrx_word' id='word_1_419' title='bbox 794 2748 953 2806; x_wconf 79' lang='lat' dir='ltr'><strong>eternitatis</strong></span> <span class='ocrx_word' id='word_1_420' title='bbox 1004 2751 1191 2822; x_wconf 86' lang='lat' dir='ltr'><strong>intelligentiae</strong></span> <span class='ocrx_word' id='word_1_421' title='bbox 1208 2765 1305 2807; x_wconf 88' lang='lat' dir='ltr'><strong>scasas</strong></span> <span class='ocrx_word' id='word_1_422' title='bbox 1321 2751 1503 2822; x_wconf 81' lang='lat' dir='ltr'><strong>permittitur?</strong></span> <span class='ocrx_word' id='word_1_423' title='bbox 1519 2749 1577 2807; x_wconf 84' lang='lat' dir='ltr'><strong>Nou</strong></span> <span class='ocrx_word' id='word_1_424' title='bbox 1591 2754 1663 2807; x_wconf 85' lang='lat' dir='ltr'><strong>eninr</strong></span> <span class='ocrx_word' id='word_1_425' title='bbox 1676 2752 1808 2823; x_wconf 81' lang='lat' dir='ltr'><strong>perlraee,</strong></span> 
     </span>
     <span class='ocr_line' id='line_1_37' title="bbox 153 2841 1808 2917; baseline -0.001 -14"><span class='ocrx_word' id='word_1_426' title='bbox 153 2845 413 2915; x_wconf 75' lang='lat' dir='ltr'><strong>demonstrationem</strong></span> <span class='ocrx_word' id='word_1_427' title='bbox 428 2858 597 2917; x_wconf 88' lang='lat' dir='ltr'><strong>nequaquam</strong></span> <span class='ocrx_word' id='word_1_428' title='bbox 612 2843 653 2916; x_wconf 67' lang='grc' dir='ltr'><strong>(ι)</strong></span> <span class='ocrx_word' id='word_1_429' title='bbox 669 2842 826 2914; x_wconf 87' lang='lat' dir='ltr'><strong>temporalia</strong></span> <span class='ocrx_word' id='word_1_430' title='bbox 845 2841 883 2915; x_wconf 80' lang='lat' dir='ltr'><strong>(b)</strong></span> <span class='ocrx_word' id='word_1_431' title='bbox 907 2856 954 2898; x_wconf 88' lang='lat' dir='ltr'><strong>eo·</strong></span> <span class='ocrx_word' id='word_1_432' title='bbox 1004 2860 1119 2916; x_wconf 90' lang='lat' dir='ltr'><strong>quorum</strong></span> <span class='ocrx_word' id='word_1_433' title='bbox 1131 2845 1300 2901; x_wconf 83' lang='lat' dir='ltr'><strong>creationem</strong></span> <span class='ocrx_word' id='word_1_434' title='bbox 1314 2856 1406 2899; x_wconf 88' lang='lat' dir='ltr'><strong>meare</strong></span> <span class='ocrx_word' id='word_1_435' title='bbox 1416 2843 1595 2912; x_wconf 82' lang='lat' dir='ltr'><strong>concipimus,</strong></span> <span class='ocrx_word' id='word_1_436' title='bbox 1608 2845 1808 2914; x_wconf 82' lang='lat' dir='ltr'><strong>comprehendi</strong></span> 
     </span>
     <span class='ocr_line' id='line_1_38' title="bbox 150 2935 1809 3014; baseline -0.001 -17"><span class='ocrx_word' id='word_1_437' title='bbox 150 2939 314 3014; x_wconf 84' lang='lat' dir='ltr'><strong>aptabuntur</strong></span> <span class='ocrx_word' id='word_1_438' title='bbox 327 2957 334 2996; x_wconf 90' lang='lat'><strong>:</strong></span> <span class='ocrx_word' id='word_1_439' title='bbox 349 2939 410 3013; x_wconf 83' lang='lat' dir='ltr'><strong>quia</strong></span> <span class='ocrx_word' id='word_1_440' title='bbox 429 2937 530 3011; x_wconf 88' lang='lat' dir='ltr'><strong>perid,</strong></span> <span class='ocrx_word' id='word_1_441' title='bbox 546 2936 618 3009; x_wconf 90' lang='lat' dir='ltr'><strong>qnod</strong></span> <span class='ocrx_word' id='word_1_442' title='bbox 643 2937 793 3008; x_wconf 70' lang='lat' dir='ltr'><strong>posteriora</strong></span> <span class='ocrx_word' id='word_1_443' title='bbox 816 2946 879 2993; x_wconf 89' lang='lat' dir='ltr'><strong>sunt</strong></span> <span class='ocrx_word' id='word_1_444' title='bbox 900 2951 953 2993; x_wconf 73' lang='lat' dir='ltr'><strong>caa-</strong></span> <span class='ocrx_word' id='word_1_445' title='bbox 1004 2937 1143 3009; x_wconf 87' lang='lat' dir='ltr'><strong>generatio</strong></span> <span class='ocrx_word' id='word_1_446' title='bbox 1156 2936 1215 3008; x_wconf 86' lang='lat' dir='ltr'><strong>ejus</strong></span> <span class='ocrx_word' id='word_1_447' title='bbox 1230 2944 1329 3007; x_wconf 88' lang='lat' dir='ltr'><strong>potest,</strong></span> <span class='ocrx_word' id='word_1_448' title='bbox 1344 2936 1390 3009; x_wconf 90' lang='lat' dir='ltr'><strong>qui</strong></span> <span class='ocrx_word' id='word_1_449' title='bbox 1413 2937 1533 2991; x_wconf 88' lang='lat' dir='ltr'><strong>anterior</strong></span> <span class='ocrx_word' id='word_1_450' title='bbox 1558 2935 1599 2992; x_wconf 89' lang='lat' dir='ltr'><strong>lais</strong></span> <span class='ocrx_word' id='word_1_451' title='bbox 1613 2938 1743 2995; x_wconf 88' lang='lat' dir='ltr'><strong>omnibus</strong></span> <span class='ocrx_word' id='word_1_452' title='bbox 1764 2948 1809 2996; x_wconf 84' lang='lat' dir='ltr'><strong>est</strong></span> 
     </span>
     <span class='ocr_line' id='line_1_39' title="bbox 150 3021 1807 3107; baseline -0.002 -16"><span class='ocrx_word' id='word_1_453' title='bbox 150 3035 225 3102; x_wconf 88' lang='lat' dir='ltr'><strong>teris,</strong></span> <span class='ocrx_word' id='word_1_454' title='bbox 241 3048 290 3107; x_wconf 91' lang='lat' dir='ltr'><strong>per</strong></span> <span class='ocrx_word' id='word_1_455' title='bbox 303 3049 333 3091; x_wconf 87' lang='lat' dir='ltr'><strong>se</strong></span> <span class='ocrx_word' id='word_1_456' title='bbox 358 3033 415 3105; x_wconf 90' lang='lat' dir='ltr'><strong>ipsa</strong></span> <span class='ocrx_word' id='word_1_457' title='bbox 438 3046 490 3089; x_wconf 92' lang='lat' dir='ltr'><strong>non</strong></span> <span class='ocrx_word' id='word_1_458' title='bbox 512 3030 687 3089; x_wconf 86' lang='lat' dir='ltr'><strong>maniiestant</strong></span> <span class='ocrx_word' id='word_1_459' title='bbox 707 3030 850 3088; x_wconf 85' lang='lat' dir='ltr'><strong>latnritatis</strong></span> <span class='ocrx_word' id='word_1_460' title='bbox 870 3044 950 3087; x_wconf 86' lang='lat' dir='ltr'><strong>exor-</strong></span> <span class='ocrx_word' id='word_1_461' title='bbox 965 3021 987 3087; x_wconf 84' lang='lat' dir='ltr'>C</span> <span class='ocrx_word' id='word_1_462' title='bbox 1004 3027 1044 3103; x_wconf 85' lang='lat' dir='ltr'><strong>(ir)</strong></span> <span class='ocrx_word' id='word_1_463' title='bbox 1069 3037 1099 3086; x_wconf 90' lang='grc' dir='ltr'><strong>ιι</strong></span> <span class='ocrx_word' id='word_1_464' title='bbox 1112 3028 1235 3099; x_wconf 84' lang='lat' dir='ltr'><strong>qaarnrts</strong></span> <span class='ocrx_word' id='word_1_465' title='bbox 1251 3027 1413 3100; x_wconf 62' lang='lat' dir='ltr'><strong>praesteria</strong></span> <span class='ocrx_word' id='word_1_466' title='bbox 1428 3036 1560 3098; x_wconf 89' lang='lat' dir='ltr'><strong>ternpore,</strong></span> <span class='ocrx_word' id='word_1_467' title='bbox 1584 3043 1637 3085; x_wconf 93' lang='lat' dir='ltr'><strong>nou</strong></span> <span class='ocrx_word' id='word_1_468' title='bbox 1654 3038 1746 3088; x_wconf 84' lang='lat' dir='ltr'><strong>tamen</strong></span> <span class='ocrx_word' id='word_1_469' title='bbox 1763 3030 1807 3087; x_wconf 88' lang='lat' dir='ltr'><strong>in·</strong></span> 
     </span>
    </p>
   </div>
   <div class='ocr_carea' id='block_1_9' title="bbox 1051 3145 1526 3292">
    <p class='ocr_par' dir='ltr' id='par_1_9' title="bbox 1051 3145 1526 3292">
     <span class='ocr_line' id='line_1_40' title="bbox 1051 3145 1526 3217; baseline -0.004 -15"><span class='ocrx_word' id='word_1_470' title='bbox 1051 3148 1079 3216; x_wconf 77' lang='grc' dir='ltr'><strong>ὅ)</strong></span> <span class='ocrx_word' id='word_1_471' title='bbox 1093 3145 1163 3203; x_wconf 85' lang='lat' dir='ltr'><strong>Dcur</strong></span> <span class='ocrx_word' id='word_1_472' title='bbox 1180 3145 1260 3202; x_wconf 80' lang='lat' dir='ltr'><strong>deum</strong></span> <span class='ocrx_word' id='word_1_473' title='bbox 1272 3145 1403 3202; x_wconf 81' lang='lat' dir='ltr'><strong>Girrirtum</strong></span> <span class='ocrx_word' id='word_1_474' title='bbox 1415 3152 1526 3217; x_wconf 80' lang='lat' dir='ltr'><strong>paueret.</strong></span> 
     </span>
     <span class='ocr_line' id='line_1_41' title="bbox 1051 3217 1266 3292; baseline 0 -19"><span class='ocrx_word' id='word_1_475' title='bbox 1051 3217 1081 3292; x_wconf 78' lang='lat' dir='ltr'><strong>tl)</strong></span> <span class='ocrx_word' id='word_1_476' title='bbox 1102 3220 1266 3275; x_wconf 82' lang='lat' dir='ltr'><strong>Secermebut.</strong></span> 
     </span>
    </p>
   </div>
   <div class='ocr_carea' id='block_1_10' title="bbox 185 3148 481 3297">
    <p class='ocr_par' dir='ltr' id='par_1_10' title="bbox 185 3148 481 3297">
     <span class='ocr_line' id='line_1_42' title="bbox 200 3149 481 3278; baseline -0.007 -73"><span class='ocrx_word' id='word_1_477' title='bbox 200 3151 212 3205; x_wconf 90' lang='lat' dir='ltr'><strong>i</strong></span> <span class='ocrx_word' id='word_1_478' title='bbox 241 3149 293 3278; x_wconf 50' lang='lat' dir='ltr'><strong>gai</strong></span> <span class='ocrx_word' id='word_1_479' title='bbox 305 3151 481 3206; x_wconf 69' lang='lat' dir='ltr'><strong>aureamento.</strong></span> 
     </span>
     <span class='ocr_line' id='line_1_43' title="bbox 185 3148 421 3297; baseline -0.004 -21"><span class='ocrx_word' id='word_1_480' title='bbox 185 3148 228 3297; x_wconf 38' lang='grc' dir='ltr'><strong>ὃς</strong></span> <span class='ocrx_word' id='word_1_481' title='bbox 265 3222 421 3292; x_wconf 84' lang='lat' dir='ltr'><strong>empararr‘o.</strong></span> 
     </span>
    </p>
   </div>
   <div class='ocr_carea' id='block_1_11' title="bbox 142 3354 1806 4862">
    <p class='ocr_par' dir='ltr' id='par_1_11' title="bbox 142 3354 1806 4862">
     <span class='ocr_line' id='line_1_44' title="bbox 147 3354 1806 3435; baseline 0.001 -17"><span class='ocrx_word' id='word_1_482' title='bbox 147 3358 290 3418; x_wconf 72' lang='lat' dir='ltr'><strong>uterinae</strong></span> <span class='ocrx_word' id='word_1_483' title='bbox 312 3354 536 3428; x_wconf 78' lang='lat' dir='ltr'><strong>exstinguendum</strong></span> <span class='ocrx_word' id='word_1_484' title='bbox 561 3356 696 3425; x_wconf 70' lang='lat' dir='ltr'><strong>tatarum,</strong></span> <span class='ocrx_word' id='word_1_485' title='bbox 723 3365 777 3415; x_wconf 89' lang='lat' dir='ltr'><strong>etc.</strong></span> <span class='ocrx_word' id='word_1_486' title='bbox 800 3357 947 3431; x_wconf 78' lang='lat' dir='ltr'><strong>Sapientiae</strong></span> <span class='ocrx_word' id='word_1_487' title='bbox 999 3366 1110 3426; x_wconf 68' lang='lat' dir='ltr'><strong>terram</strong></span> <span class='ocrx_word' id='word_1_488' title='bbox 1132 3369 1160 3413; x_wconf 88' lang='lat' dir='ltr'><strong>m</strong></span> <span class='ocrx_word' id='word_1_489' title='bbox 1182 3358 1248 3415; x_wconf 86' lang='lat' dir='ltr'><strong>illud</strong></span> <span class='ocrx_word' id='word_1_490' title='bbox 1271 3361 1305 3415; x_wconf 80' lang='lat' dir='ltr'><strong>sit</strong></span> <span class='ocrx_word' id='word_1_491' title='bbox 1327 3359 1430 3416; x_wconf 86' lang='lat' dir='ltr'><strong>creandi</strong></span> <span class='ocrx_word' id='word_1_492' title='bbox 1455 3359 1620 3429; x_wconf 72' lang='lat' dir='ltr'><strong>principiam,</strong></span> <span class='ocrx_word' id='word_1_493' title='bbox 1647 3369 1709 3417; x_wconf 82' lang='lat' dir='ltr'><strong>ante</strong></span> <span class='ocrx_word' id='word_1_494' title='bbox 1734 3365 1806 3435; x_wconf 80' lang='lat' dir='ltr'><strong>quart</strong></span> 
     </span>
     <span class='ocr_line' id='line_1_45' title="bbox 147 3429 1802 3503; baseline 0.002 -15"><span class='ocrx_word' id='word_1_495' title='bbox 147 3440 212 3488; x_wconf 81' lang='lat' dir='ltr'><strong>ante</strong></span> <span class='ocrx_word' id='word_1_496' title='bbox 226 3430 336 3487; x_wconf 83' lang='lat' dir='ltr'><strong>diarium</strong></span> <span class='ocrx_word' id='word_1_497' title='bbox 358 3430 529 3487; x_wconf 83' lang='lat' dir='ltr'><strong>subsistentis</strong></span> <span class='ocrx_word' id='word_1_498' title='bbox 550 3429 698 3486; x_wconf 88' lang='lat' dir='ltr'><strong>el&#39;deaciam</strong></span> <span class='ocrx_word' id='word_1_499' title='bbox 717 3444 749 3485; x_wconf 87' lang='lat' dir='ltr'><strong>ac</strong></span> <span class='ocrx_word' id='word_1_500' title='bbox 768 3431 896 3487; x_wconf 84' lang='lat' dir='ltr'><strong>virtutem</strong></span> <span class='ocrx_word' id='word_1_501' title='bbox 918 3430 946 3486; x_wconf 93' lang='lat' dir='ltr'><strong>iu</strong></span> <span class='ocrx_word' id='word_1_502' title='bbox 999 3432 1091 3485; x_wconf 80' lang='lat' dir='ltr'><strong>creatis</strong></span> <span class='ocrx_word' id='word_1_503' title='bbox 1115 3447 1147 3486; x_wconf 83' lang='lat' dir='ltr'><strong>eu</strong></span> <span class='ocrx_word' id='word_1_504' title='bbox 1169 3433 1244 3487; x_wconf 81' lang='lat' dir='ltr'><strong>retur</strong></span> <span class='ocrx_word' id='word_1_505' title='bbox 1266 3433 1369 3487; x_wconf 85' lang='lat' dir='ltr'><strong>aurniao</strong></span> <span class='ocrx_word' id='word_1_506' title='bbox 1395 3432 1468 3487; x_wconf 87' lang='lat' dir='ltr'><strong>antia</strong></span> <span class='ocrx_word' id='word_1_507' title='bbox 1481 3433 1567 3502; x_wconf 71' lang='lat' dir='ltr'><strong>irretit.</strong></span> <span class='ocrx_word' id='word_1_508' title='bbox 1583 3431 1685 3503; x_wconf 82' lang='lat' dir='ltr'><strong>Aperta</strong></span> <span class='ocrx_word' id='word_1_509' title='bbox 1710 3443 1802 3493; x_wconf 88' lang='lat' dir='ltr'><strong>tamea</strong></span> 
     </span>
     <span class='ocr_line' id='line_1_46' title="bbox 147 3501 1801 3576; baseline 0.002 -18"><span class='ocrx_word' id='word_1_510' title='bbox 147 3503 277 3573; x_wconf 89' lang='lat' dir='ltr'><strong>operibus</strong></span> <span class='ocrx_word' id='word_1_511' title='bbox 292 3518 324 3559; x_wconf 89' lang='lat' dir='ltr'><strong>ac</strong></span> <span class='ocrx_word' id='word_1_512' title='bbox 342 3501 472 3559; x_wconf 79' lang='lat' dir='ltr'><strong>doctrinis</strong></span> <span class='ocrx_word' id='word_1_513' title='bbox 483 3502 542 3558; x_wconf 86' lang='lat' dir='ltr'><strong>iaso</strong></span> <span class='ocrx_word' id='word_1_514' title='bbox 555 3510 714 3565; x_wconf 85' lang='lat' dir='ltr'><strong>prosecutus</strong></span> <span class='ocrx_word' id='word_1_515' title='bbox 726 3510 769 3558; x_wconf 85' lang='lat' dir='ltr'><strong>est</strong></span> <span class='ocrx_word' id='word_1_516' title='bbox 781 3502 898 3558; x_wconf 88' lang='lat' dir='ltr'><strong>ililarins</strong></span> <span class='ocrx_word' id='word_1_517' title='bbox 913 3501 945 3558; x_wconf 92' lang='lat' dir='ltr'><strong>ii·</strong></span> <span class='ocrx_word' id='word_1_518' title='bbox 999 3510 1041 3558; x_wconf 87' lang='lat' dir='ltr'><strong>cst</strong></span> <span class='ocrx_word' id='word_1_519' title='bbox 1065 3518 1095 3557; x_wconf 89' lang='lat' dir='ltr'><strong>ea</strong></span> <span class='ocrx_word' id='word_1_520' title='bbox 1117 3502 1151 3557; x_wconf 90' lang='lat' dir='ltr'><strong>de</strong></span> <span class='ocrx_word' id='word_1_521' title='bbox 1172 3517 1203 3558; x_wconf 88' lang='lat' dir='ltr'><strong>re</strong></span> <span class='ocrx_word' id='word_1_522' title='bbox 1225 3504 1361 3559; x_wconf 78' lang='lat' dir='ltr'><strong>Ambrosii</strong></span> <span class='ocrx_word' id='word_1_523' title='bbox 1387 3505 1519 3559; x_wconf 86' lang='lat' dir='ltr'><strong>scatentia</strong></span> <span class='ocrx_word' id='word_1_524' title='bbox 1541 3505 1588 3559; x_wconf 89' lang='lat' dir='ltr'><strong>lib.</strong></span> <span class='ocrx_word' id='word_1_525' title='bbox 1604 3521 1624 3571; x_wconf 93' lang='lat' dir='ltr'><strong>r,</strong></span> <span class='ocrx_word' id='word_1_526' title='bbox 1647 3504 1719 3562; x_wconf 80' lang='lat' dir='ltr'><strong>ilex.</strong></span> <span class='ocrx_word' id='word_1_527' title='bbox 1732 3523 1759 3560; x_wconf 85' lang='lat' dir='ltr'><strong>c.</strong></span> <span class='ocrx_word' id='word_1_528' title='bbox 1775 3509 1801 3576; x_wconf 90' lang='lat' dir='ltr'><strong>l,</strong></span> 
     </span>
     <span class='ocr_line' id='line_1_47' title="bbox 146 3572 1802 3646; baseline 0.003 -16"><span class='ocrx_word' id='word_1_529' title='bbox 146 3572 203 3630; x_wconf 83' lang='lat' dir='ltr'><strong>bris</strong></span> <span class='ocrx_word' id='word_1_530' title='bbox 214 3591 240 3630; x_wconf 87' lang='lat' dir='ltr'><strong>rr</strong></span> <span class='ocrx_word' id='word_1_531' title='bbox 252 3581 281 3630; x_wconf 92' lang='lat' dir='ltr'><strong>et</strong></span> <span class='ocrx_word' id='word_1_532' title='bbox 293 3591 320 3630; x_wconf 87' lang='lat' dir='ltr'><strong>r.</strong></span> <span class='ocrx_word' id='word_1_533' title='bbox 998 3588 1026 3627; x_wconf 94' lang='lat' dir='ltr'><strong>n.</strong></span> <span class='ocrx_word' id='word_1_534' title='bbox 1043 3573 1087 3640; x_wconf 80' lang='lat' dir='ltr'><strong>to,</strong></span> <span class='ocrx_word' id='word_1_535' title='bbox 1104 3572 1220 3629; x_wconf 87' lang='lat' dir='ltr'><strong>dicentis</strong></span> <span class='ocrx_word' id='word_1_536' title='bbox 1243 3591 1250 3627; x_wconf 78' lang='grc' dir='ltr'><strong>ι</strong></span> <span class='ocrx_word' id='word_1_537' title='bbox 1272 3575 1363 3646; x_wconf 84' lang='lat' dir='ltr'><strong>dapeb&#39;</strong></span> <span class='ocrx_word' id='word_1_538' title='bbox 1388 3575 1573 3631; x_wconf 85' lang='lat' dir='ltr'><strong>donrinatianer</strong></span> <span class='ocrx_word' id='word_1_539' title='bbox 1596 3585 1620 3630; x_wconf 85' lang='lat' dir='ltr'><strong>et</strong></span> <span class='ocrx_word' id='word_1_540' title='bbox 1645 3576 1802 3646; x_wconf 74' lang='lat' dir='ltr'><strong>Parcarum,</strong></span> 
     </span>
     <span class='ocr_line' id='line_1_48' title="bbox 182 3644 1803 3729; baseline 0.003 -29"><span class='ocrx_word' id='word_1_541' title='bbox 182 3645 222 3729; x_wconf 85' lang='grc' dir='ltr'>(ιι)</span> <span class='ocrx_word' id='word_1_542' title='bbox 236 3646 264 3702; x_wconf 87' lang='grc' dir='ltr'><strong>ιιι</strong></span> <span class='ocrx_word' id='word_1_543' title='bbox 278 3655 330 3713; x_wconf 86' lang='lat' dir='ltr'><strong>est,</strong></span> <span class='ocrx_word' id='word_1_544' title='bbox 344 3644 377 3702; x_wconf 85' lang='lat' dir='ltr'><strong>ad</strong></span> <span class='ocrx_word' id='word_1_545' title='bbox 391 3653 590 3702; x_wconf 79' lang='lat' dir='ltr'><strong>sacramentum</strong></span> <span class='ocrx_word' id='word_1_546' title='bbox 606 3658 638 3699; x_wconf 89' lang='lat' dir='ltr'><strong>ae</strong></span> <span class='ocrx_word' id='word_1_547' title='bbox 649 3644 806 3718; x_wconf 79' lang='lat' dir='ltr'><strong>mysterium</strong></span> <span class='ocrx_word' id='word_1_548' title='bbox 825 3644 946 3718; x_wconf 64' lang='lat' dir='ltr'><strong>(depen-</strong></span> <span class='ocrx_word' id='word_1_549' title='bbox 998 3645 1045 3698; x_wconf 83' lang='lat' dir='ltr'><strong>etsi</strong></span> <span class='ocrx_word' id='word_1_550' title='bbox 1061 3644 1201 3715; x_wconf 86' lang='lat' dir='ltr'><strong>aliquando</strong></span> <span class='ocrx_word' id='word_1_551' title='bbox 1212 3655 1351 3713; x_wconf 83' lang='lat' dir='ltr'><strong>ceperant,</strong></span> <span class='ocrx_word' id='word_1_552' title='bbox 1367 3657 1438 3700; x_wconf 82' lang='lat' dir='ltr'><strong>erunt</strong></span> <span class='ocrx_word' id='word_1_553' title='bbox 1451 3656 1534 3700; x_wconf 85' lang='lat' dir='ltr'><strong>tuanen</strong></span> <span class='ocrx_word' id='word_1_554' title='bbox 1551 3649 1610 3719; x_wconf 82' lang='lat' dir='ltr'><strong>jum</strong></span> <span class='ocrx_word' id='word_1_555' title='bbox 1630 3648 1737 3718; x_wconf 84' lang='lat' dir='ltr'><strong>quando</strong></span> <span class='ocrx_word' id='word_1_556' title='bbox 1760 3649 1803 3705; x_wconf 80' lang='lat' dir='ltr'><strong>diu</strong></span> 
     </span>
     <span class='ocr_line' id='line_1_49' title="bbox 145 3715 1803 3791; baseline 0 -17"><span class='ocrx_word' id='word_1_557' title='bbox 145 3718 257 3774; x_wconf 81' lang='lat' dir='ltr'><strong>sabaitis</strong></span> <span class='ocrx_word' id='word_1_558' title='bbox 267 3715 382 3791; x_wconf 87' lang='lat' dir='ltr'><strong>scilicet)</strong></span> <span class='ocrx_word' id='word_1_559' title='bbox 396 3719 533 3789; x_wconf 87' lang='lat' dir='ltr'><strong>portinere</strong></span> <span class='ocrx_word' id='word_1_560' title='bbox 544 3715 710 3783; x_wconf 88' lang='lat' dir='ltr'><strong>ostenderet,</strong></span> <span class='ocrx_word' id='word_1_561' title='bbox 720 3716 795 3788; x_wconf 91' lang='lat' dir='ltr'><strong>quod</strong></span> <span class='ocrx_word' id='word_1_562' title='bbox 809 3717 902 3775; x_wconf 89' lang='lat' dir='ltr'><strong>eadem</strong></span> <span class='ocrx_word' id='word_1_563' title='bbox 914 3717 952 3773; x_wconf 72' lang='lat' dir='ltr'><strong>se&#39;</strong></span> <span class='ocrx_word' id='word_1_564' title='bbox 998 3715 1108 3771; x_wconf 82' lang='lat' dir='ltr'><strong>urarrdur</strong></span> <span class='ocrx_word' id='word_1_565' title='bbox 1122 3726 1159 3771; x_wconf 84' lang='lat' dir='ltr'><strong>en</strong></span> <span class='ocrx_word' id='word_1_566' title='bbox 1170 3720 1253 3789; x_wconf 75' lang='lat' dir='ltr'><strong>{artua</strong></span> <span class='ocrx_word' id='word_1_567' title='bbox 1266 3737 1272 3771; x_wconf 91' lang='lat'>:</span> <span class='ocrx_word' id='word_1_568' title='bbox 1286 3722 1314 3772; x_wconf 87' lang='lat' dir='ltr'><strong>et</strong></span> <span class='ocrx_word' id='word_1_569' title='bbox 1326 3717 1403 3787; x_wconf 77' lang='lat' dir='ltr'><strong>prat.</strong></span> <span class='ocrx_word' id='word_1_570' title='bbox 1420 3717 1445 3772; x_wconf 92' lang='lat' dir='ltr'><strong>in</strong></span> <span class='ocrx_word' id='word_1_571' title='bbox 1462 3732 1502 3787; x_wconf 92' lang='lat' dir='ltr'><strong>ps.</strong></span> <span class='ocrx_word' id='word_1_572' title='bbox 1513 3734 1532 3786; x_wconf 90' lang='lat' dir='ltr'><strong>r,</strong></span> <span class='ocrx_word' id='word_1_573' title='bbox 1546 3717 1603 3773; x_wconf 67' lang='grc' dir='ltr'><strong>ιιι</strong></span> <span class='ocrx_word' id='word_1_574' title='bbox 1616 3734 1625 3773; x_wconf 94' lang='grc'><strong>.·</strong></span> <span class='ocrx_word' id='word_1_575' title='bbox 1636 3718 1705 3774; x_wconf 83' lang='lat' dir='ltr'><strong>Ante</strong></span> <span class='ocrx_word' id='word_1_576' title='bbox 1715 3720 1803 3788; x_wconf 78' lang='lat' dir='ltr'><strong>ipram</strong></span> 
     </span>
     <span class='ocr_line' id='line_1_50' title="bbox 145 3787 1800 3859; baseline 0.001 -14"><span class='ocrx_word' id='word_1_577' title='bbox 145 3797 265 3845; x_wconf 88' lang='lat' dir='ltr'><strong>creatam</strong></span> <span class='ocrx_word' id='word_1_578' title='bbox 281 3788 451 3845; x_wconf 85' lang='lat' dir='ltr'><strong>testillcatur.</strong></span> <span class='ocrx_word' id='word_1_579' title='bbox 996 3787 1098 3841; x_wconf 85' lang='lat' dir='ltr'><strong>britium</strong></span> <span class='ocrx_word' id='word_1_580' title='bbox 1112 3790 1200 3843; x_wconf 83' lang='lat' dir='ltr'><strong>ruendi</strong></span> <span class='ocrx_word' id='word_1_581' title='bbox 1216 3787 1352 3844; x_wconf 72' lang='lat' dir='ltr'><strong>diaeretica</strong></span> <span class='ocrx_word' id='word_1_582' title='bbox 1377 3797 1400 3842; x_wconf 84' lang='lat' dir='ltr'><strong>et</strong></span> <span class='ocrx_word' id='word_1_583' title='bbox 1424 3788 1564 3859; x_wconf 83' lang='lat' dir='ltr'><strong>Serapium</strong></span> <span class='ocrx_word' id='word_1_584' title='bbox 1587 3805 1647 3844; x_wconf 84' lang='lat' dir='ltr'><strong>curn</strong></span> <span class='ocrx_word' id='word_1_585' title='bbox 1669 3790 1800 3847; x_wconf 73' lang='lat' dir='ltr'><strong>enaritate</strong></span> 
     </span>
     <span class='ocr_line' id='line_1_51' title="bbox 180 3858 1802 3934; baseline 0.002 -18"><span class='ocrx_word' id='word_1_586' title='bbox 180 3860 285 3934; x_wconf 71' lang='grc' dir='ltr'>(ιιιιιι.</span> <span class='ocrx_word' id='word_1_587' title='bbox 300 3860 373 3932; x_wconf 88' lang='lat' dir='ltr'><strong>Lips.</strong></span> <span class='ocrx_word' id='word_1_588' title='bbox 398 3869 426 3916; x_wconf 89' lang='lat' dir='ltr'><strong>ct</strong></span> <span class='ocrx_word' id='word_1_589' title='bbox 447 3859 521 3925; x_wconf 76' lang='lat' dir='ltr'><strong>Pam,</strong></span> <span class='ocrx_word' id='word_1_590' title='bbox 544 3859 707 3927; x_wconf 85' lang='lat' dir='ltr'><strong>temporaria.</strong></span> <span class='ocrx_word' id='word_1_591' title='bbox 723 3859 773 3916; x_wconf 86' lang='lat' dir='ltr'><strong>ils.</strong></span> <span class='ocrx_word' id='word_1_592' title='bbox 796 3858 857 3916; x_wconf 84' lang='lat' dir='ltr'><strong>Vat.</strong></span> <span class='ocrx_word' id='word_1_593' title='bbox 872 3862 943 3928; x_wconf 77' lang='lat' dir='ltr'><strong>bas,</strong></span> <span class='ocrx_word' id='word_1_594' title='bbox 995 3874 1097 3913; x_wconf 78' lang='lat' dir='ltr'><strong>canore</strong></span> <span class='ocrx_word' id='word_1_595' title='bbox 1118 3860 1185 3913; x_wconf 77' lang='lat' dir='ltr'><strong>aucis</strong></span> <span class='ocrx_word' id='word_1_596' title='bbox 1207 3858 1306 3925; x_wconf 85' lang='lat' dir='ltr'><strong>dicant,</strong></span> <span class='ocrx_word' id='word_1_597' title='bbox 1329 3859 1451 3920; x_wconf 75' lang='lat' dir='ltr'><strong>Sanctus,</strong></span> <span class='ocrx_word' id='word_1_598' title='bbox 1472 3868 1527 3915; x_wconf 90' lang='lat' dir='ltr'><strong>etc.</strong></span> <span class='ocrx_word' id='word_1_599' title='bbox 1551 3859 1681 3917; x_wconf 78' lang='lat' dir='ltr'><strong>Eamdcm</strong></span> <span class='ocrx_word' id='word_1_600' title='bbox 1696 3861 1802 3919; x_wconf 84' lang='lat' dir='ltr'><strong>ililario</strong></span> 
     </span>
     <span class='ocr_line' id='line_1_52' title="bbox 144 3930 1802 4003; baseline 0.003 -16"><span class='ocrx_word' id='word_1_601' title='bbox 144 3939 270 4003; x_wconf 86' lang='lat' dir='ltr'><strong>tempora.</strong></span> <span class='ocrx_word' id='word_1_602' title='bbox 285 3932 337 3988; x_wconf 89' lang='lat' dir='ltr'><strong>Atii</strong></span> <span class='ocrx_word' id='word_1_603' title='bbox 353 3947 414 3989; x_wconf 90' lang='lat' dir='ltr'><strong>eum</strong></span> <span class='ocrx_word' id='word_1_604' title='bbox 431 3931 510 3996; x_wconf 81' lang='lat' dir='ltr'><strong>itud..</strong></span> <span class='ocrx_word' id='word_1_605' title='bbox 523 3931 685 4002; x_wconf 85' lang='lat' dir='ltr'><strong>temporatia.</strong></span> <span class='ocrx_word' id='word_1_606' title='bbox 996 3940 1090 3986; x_wconf 91' lang='lat' dir='ltr'><strong>nostro</strong></span> <span class='ocrx_word' id='word_1_607' title='bbox 1104 3931 1261 4001; x_wconf 87' lang='lat' dir='ltr'><strong>opinionem</strong></span> <span class='ocrx_word' id='word_1_608' title='bbox 1285 3930 1413 3986; x_wconf 84' lang='lat' dir='ltr'><strong>Erasmus</strong></span> <span class='ocrx_word' id='word_1_609' title='bbox 1429 3931 1471 3986; x_wconf 91' lang='lat' dir='ltr'><strong>bic</strong></span> <span class='ocrx_word' id='word_1_610' title='bbox 1495 3933 1649 4002; x_wconf 84' lang='lat' dir='ltr'><strong>adscripsit,</strong></span> <span class='ocrx_word' id='word_1_611' title='bbox 1676 3934 1802 3992; x_wconf 86' lang='lat' dir='ltr'><strong>subscri·</strong></span> 
     </span>
     <span class='ocr_line' id='line_1_53' title="bbox 181 4001 1801 4075; baseline 0.002 -16"><span class='ocrx_word' id='word_1_612' title='bbox 181 4003 216 4075; x_wconf 86' lang='lat' dir='ltr'><strong>(r)</strong></span> <span class='ocrx_word' id='word_1_613' title='bbox 236 4003 308 4060; x_wconf 86' lang='lat' dir='ltr'><strong>Nihil</strong></span> <span class='ocrx_word' id='word_1_614' title='bbox 325 4004 350 4059; x_wconf 92' lang='lat' dir='ltr'><strong>ia</strong></span> <span class='ocrx_word' id='word_1_615' title='bbox 364 4005 406 4060; x_wconf 90' lang='lat' dir='ltr'><strong>bis</strong></span> <span class='ocrx_word' id='word_1_616' title='bbox 418 4002 508 4059; x_wconf 80' lang='lat' dir='ltr'><strong>verbis</strong></span> <span class='ocrx_word' id='word_1_617' title='bbox 522 4010 645 4074; x_wconf 83' lang='lat' dir='ltr'><strong>apparet,</strong></span> <span class='ocrx_word' id='word_1_618' title='bbox 667 4001 739 4073; x_wconf 89' lang='lat' dir='ltr'><strong>quad</strong></span> <span class='ocrx_word' id='word_1_619' title='bbox 754 4002 877 4059; x_wconf 88' lang='lat' dir='ltr'><strong>&#39;concilia</strong></span> <span class='ocrx_word' id='word_1_620' title='bbox 892 4001 944 4058; x_wconf 85' lang='lat' dir='ltr'><strong>La·</strong></span> <span class='ocrx_word' id='word_1_621' title='bbox 996 4001 1132 4058; x_wconf 79' lang='lat' dir='ltr'><strong>bentibus·</strong></span> <span class='ocrx_word' id='word_1_622' title='bbox 1147 4003 1171 4056; x_wconf 87' lang='lat' dir='ltr'><strong>ei</strong></span> <span class='ocrx_word' id='word_1_623' title='bbox 1195 4011 1328 4073; x_wconf 87' lang='lat' dir='ltr'><strong>qrrotquot</strong></span> <span class='ocrx_word' id='word_1_624' title='bbox 1352 4011 1445 4073; x_wconf 88' lang='lat' dir='ltr'><strong>postea</strong></span> <span class='ocrx_word' id='word_1_625' title='bbox 1469 4003 1518 4057; x_wconf 86' lang='lat' dir='ltr'><strong>iras</strong></span> <span class='ocrx_word' id='word_1_626' title='bbox 1539 4003 1623 4058; x_wconf 86' lang='lat' dir='ltr'><strong>libros</strong></span> <span class='ocrx_word' id='word_1_627' title='bbox 1641 4003 1801 4063; x_wconf 86' lang='lat' dir='ltr'><strong>edidertmt.</strong></span> 
     </span>
     <span class='ocr_line' id='line_1_54' title="bbox 144 4071 1800 4142; baseline 0.003 -11"><span class='ocrx_word' id='word_1_628' title='bbox 144 4081 231 4132; x_wconf 84' lang='lat' dir='ltr'><strong>taran.</strong></span> <span class='ocrx_word' id='word_1_629' title='bbox 246 4073 292 4142; x_wconf 79' lang='lat' dir='ltr'><strong>li,</strong></span> <span class='ocrx_word' id='word_1_630' title='bbox 306 4075 475 4141; x_wconf 84' lang='lat' dir='ltr'><strong>adversetur,</strong></span> <span class='ocrx_word' id='word_1_631' title='bbox 491 4089 518 4131; x_wconf 91' lang='lat' dir='ltr'><strong>c.</strong></span> <span class='ocrx_word' id='word_1_632' title='bbox 534 4074 558 4141; x_wconf 86' lang='lat' dir='ltr'><strong>l,</strong></span> <span class='ocrx_word' id='word_1_633' title='bbox 575 4074 609 4130; x_wconf 88' lang='lat' dir='ltr'><strong>de</strong></span> <span class='ocrx_word' id='word_1_634' title='bbox 628 4073 682 4129; x_wconf 90' lang='lat' dir='ltr'><strong>tide</strong></span> <span class='ocrx_word' id='word_1_635' title='bbox 694 4073 845 4140; x_wconf 80' lang='lat' dir='ltr'><strong>definienti,</strong></span> <span class='ocrx_word' id='word_1_636' title='bbox 858 4073 941 4129; x_wconf 81' lang='lat' dir='ltr'><strong>ileum</strong></span> <span class='ocrx_word' id='word_1_637' title='bbox 995 4071 1066 4127; x_wconf 83' lang='lat' dir='ltr'><strong>ttitait</strong></span> <span class='ocrx_word' id='word_1_638' title='bbox 1088 4082 1177 4129; x_wconf 87' lang='lat' dir='ltr'><strong>tamen</strong></span> <span class='ocrx_word' id='word_1_639' title='bbox 1193 4073 1369 4137; x_wconf 82' lang='lat' dir='ltr'><strong>advertimus,</strong></span> <span class='ocrx_word' id='word_1_640' title='bbox 1393 4087 1442 4126; x_wconf 93' lang='lat' dir='ltr'><strong>ear</strong></span> <span class='ocrx_word' id='word_1_641' title='bbox 1465 4073 1501 4128; x_wconf 87' lang='lat' dir='ltr'><strong>itti</strong></span> <span class='ocrx_word' id='word_1_642' title='bbox 1524 4082 1600 4128; x_wconf 91' lang='lat' dir='ltr'><strong>certo</strong></span> <span class='ocrx_word' id='word_1_643' title='bbox 1621 4076 1800 4135; x_wconf 86' lang='lat' dir='ltr'><strong>attribuatur.</strong></span> 
     </span>
     <span class='ocr_line' id='line_1_55' title="bbox 142 4142 1801 4216; baseline 0.002 -16"><span class='ocrx_word' id='word_1_644' title='bbox 142 4146 174 4200; x_wconf 87' lang='lat' dir='ltr'><strong>uir</strong></span> <span class='ocrx_word' id='word_1_645' title='bbox 189 4148 261 4201; x_wconf 82' lang='lat' dir='ltr'><strong>initio</strong></span> <span class='ocrx_word' id='word_1_646' title='bbox 274 4147 395 4215; x_wconf 83' lang='lat' dir='ltr'><strong>temporis</strong></span> <span class='ocrx_word' id='word_1_647' title='bbox 409 4155 543 4216; x_wconf 78' lang='lat' dir='ltr'><strong>utramque</strong></span> <span class='ocrx_word' id='word_1_648' title='bbox 556 4146 589 4201; x_wconf 85' lang='lat' dir='ltr'><strong>de</strong></span> <span class='ocrx_word' id='word_1_649' title='bbox 605 4145 686 4200; x_wconf 89' lang='lat' dir='ltr'><strong>uilriia</strong></span> <span class='ocrx_word' id='word_1_650' title='bbox 700 4146 848 4201; x_wconf 82' lang='lat' dir='ltr'><strong>condidisse</strong></span> <span class='ocrx_word' id='word_1_651' title='bbox 870 4161 942 4199; x_wconf 85' lang='lat' dir='ltr'><strong>creu-</strong></span> <span class='ocrx_word' id='word_1_652' title='bbox 996 4142 1081 4198; x_wconf 88' lang='lat' dir='ltr'><strong>lanruo</strong></span> <span class='ocrx_word' id='word_1_653' title='bbox 1095 4145 1122 4199; x_wconf 94' lang='lat' dir='ltr'><strong>in</strong></span> <span class='ocrx_word' id='word_1_654' title='bbox 1137 4159 1177 4214; x_wconf 88' lang='lat' dir='ltr'><strong>ps.</strong></span> <span class='ocrx_word' id='word_1_655' title='bbox 1192 4160 1293 4211; x_wconf 77' lang='lat' dir='ltr'><strong>cxxxv,</strong></span> <span class='ocrx_word' id='word_1_656' title='bbox 1310 4161 1338 4198; x_wconf 90' lang='lat' dir='ltr'><strong>n.</strong></span> <span class='ocrx_word' id='word_1_657' title='bbox 1351 4146 1378 4209; x_wconf 89' lang='lat'><strong>8,</strong></span> <span class='ocrx_word' id='word_1_658' title='bbox 1390 4145 1489 4200; x_wconf 88' lang='lat' dir='ltr'><strong>docere</strong></span> <span class='ocrx_word' id='word_1_659' title='bbox 1501 4143 1617 4211; x_wconf 85' lang='lat' dir='ltr'><strong>ridetur,</strong></span> <span class='ocrx_word' id='word_1_660' title='bbox 1638 4148 1801 4215; x_wconf 88' lang='lat' dir='ltr'><strong>angelorum</strong></span> 
     </span>
     <span class='ocr_line' id='line_1_56' title="bbox 144 4213 1801 4298; baseline 0.002 -27"><span class='ocrx_word' id='word_1_661' title='bbox 144 4225 240 4283; x_wconf 89' lang='lat' dir='ltr'><strong>tarum,</strong></span> <span class='ocrx_word' id='word_1_662' title='bbox 261 4217 404 4288; x_wconf 79' lang='lat' dir='ltr'><strong>spiritmnn</strong></span> <span class='ocrx_word' id='word_1_663' title='bbox 426 4226 449 4273; x_wconf 86' lang='lat' dir='ltr'><strong>et</strong></span> <span class='ocrx_word' id='word_1_664' title='bbox 470 4216 639 4288; x_wconf 85' lang='lat' dir='ltr'><strong>corporalem,</strong></span> <span class='ocrx_word' id='word_1_665' title='bbox 661 4216 814 4287; x_wconf 71' lang='lat' dir='ltr'><strong>appeticum,</strong></span> <span class='ocrx_word' id='word_1_666' title='bbox 826 4216 942 4271; x_wconf 82' lang='lat' dir='ltr'><strong>uidelicet</strong></span> <span class='ocrx_word' id='word_1_667' title='bbox 993 4213 1071 4271; x_wconf 84' lang='lat' dir='ltr'><strong>sedes</strong></span> <span class='ocrx_word' id='word_1_668' title='bbox 1084 4216 1282 4298; x_wconf 88' lang='lat' dir='ltr'><strong>anteipsosmet</strong></span> <span class='ocrx_word' id='word_1_669' title='bbox 1296 4216 1378 4272; x_wconf 86' lang='lat' dir='ltr'><strong>inisse</strong></span> <span class='ocrx_word' id='word_1_670' title='bbox 1391 4215 1536 4270; x_wconf 86' lang='lat' dir='ltr'><strong>institutas.</strong></span> <span class='ocrx_word' id='word_1_671' title='bbox 1544 4214 1715 4288; x_wconf 83' lang='lat' dir='ltr'><strong>Quamquam</strong></span> <span class='ocrx_word' id='word_1_672' title='bbox 1730 4219 1801 4278; x_wconf 78' lang='lat' dir='ltr'><strong>inea</strong></span> 
     </span>
     <span class='ocr_line' id='line_1_57' title="bbox 144 4285 1800 4358; baseline 0.004 -16"><span class='ocrx_word' id='word_1_673' title='bbox 144 4297 168 4342; x_wconf 86' lang='lat' dir='ltr'><strong>et</strong></span> <span class='ocrx_word' id='word_1_674' title='bbox 179 4288 347 4343; x_wconf 84' lang='lat' dir='ltr'><strong>mundanam.</strong></span> <span class='ocrx_word' id='word_1_675' title='bbox 361 4287 475 4343; x_wconf 91' lang='lat' dir='ltr'><strong>Planum</strong></span> <span class='ocrx_word' id='word_1_676' title='bbox 492 4288 563 4342; x_wconf 91' lang='lat' dir='ltr'><strong>eninr</strong></span> <span class='ocrx_word' id='word_1_677' title='bbox 578 4299 632 4352; x_wconf 85' lang='lat' dir='ltr'><strong>est,</strong></span> <span class='ocrx_word' id='word_1_678' title='bbox 648 4287 705 4342; x_wconf 88' lang='lat' dir='ltr'><strong>laec</strong></span> <span class='ocrx_word' id='word_1_679' title='bbox 718 4286 832 4343; x_wconf 86' lang='lat' dir='ltr'><strong>Genesis</strong></span> <span class='ocrx_word' id='word_1_680' title='bbox 845 4290 940 4356; x_wconf 87' lang='lat' dir='ltr'><strong>rerba,</strong></span> <span class='ocrx_word' id='word_1_681' title='bbox 992 4285 1120 4356; x_wconf 88' lang='lat' dir='ltr'><strong>opinione</strong></span> <span class='ocrx_word' id='word_1_682' title='bbox 1143 4285 1210 4341; x_wconf 82' lang='lat' dir='ltr'><strong>artat</strong></span> <span class='ocrx_word' id='word_1_683' title='bbox 1233 4286 1398 4342; x_wconf 88' lang='lat' dir='ltr'><strong>discriminis</strong></span> <span class='ocrx_word' id='word_1_684' title='bbox 1418 4287 1539 4357; x_wconf 80' lang='lat' dir='ltr'><strong>agnoscit</strong></span> <span class='ocrx_word' id='word_1_685' title='bbox 1566 4290 1735 4358; x_wconf 85' lang='lat' dir='ltr'><strong>Arrgostiaas</strong></span> <span class='ocrx_word' id='word_1_686' title='bbox 1749 4290 1800 4349; x_wconf 93' lang='lat' dir='ltr'><strong>lib.</strong></span> 
     </span>
     <span class='ocr_line' id='line_1_58' title="bbox 143 4354 1800 4429; baseline 0.004 -17"><span class='ocrx_word' id='word_1_687' title='bbox 143 4355 178 4413; x_wconf 87' lang='lat' dir='ltr'><strong>Ia</strong></span> <span class='ocrx_word' id='word_1_688' title='bbox 192 4359 277 4429; x_wconf 86' lang='lat' dir='ltr'><strong>princi</strong></span> <span class='ocrx_word' id='word_1_689' title='bbox 296 4360 319 4413; x_wconf 90' lang='lat' dir='ltr'><strong>io</strong></span> <span class='ocrx_word' id='word_1_690' title='bbox 333 4360 425 4414; x_wconf 83' lang='lat' dir='ltr'><strong>creauit</strong></span> <span class='ocrx_word' id='word_1_691' title='bbox 439 4358 508 4412; x_wconf 80' lang='lat' dir='ltr'><strong>Deus</strong></span> <span class='ocrx_word' id='word_1_692' title='bbox 524 4359 617 4414; x_wconf 88' lang='lat' dir='ltr'><strong>coetuor</strong></span> <span class='ocrx_word' id='word_1_693' title='bbox 631 4367 653 4411; x_wconf 88' lang='lat' dir='ltr'><strong>et</strong></span> <span class='ocrx_word' id='word_1_694' title='bbox 667 4367 771 4421; x_wconf 87' lang='lat' dir='ltr'><strong>terram,</strong></span> <span class='ocrx_word' id='word_1_695' title='bbox 788 4359 824 4412; x_wconf 91' lang='lat' dir='ltr'><strong>ita</strong></span> <span class='ocrx_word' id='word_1_696' title='bbox 838 4372 853 4412; x_wconf 93' lang='lat' dir='ltr'><strong>a</strong></span> <span class='ocrx_word' id='word_1_697' title='bbox 875 4374 940 4414; x_wconf 91' lang='lat' dir='ltr'><strong>can-</strong></span> <span class='ocrx_word' id='word_1_698' title='bbox 992 4372 1029 4421; x_wconf 78' lang='grc' dir='ltr'><strong>ιι,</strong></span> <span class='ocrx_word' id='word_1_699' title='bbox 1046 4356 1080 4412; x_wconf 91' lang='lat' dir='ltr'><strong>de</strong></span> <span class='ocrx_word' id='word_1_700' title='bbox 1094 4354 1153 4413; x_wconf 85' lang='lat' dir='ltr'><strong>Ciu.</strong></span> <span class='ocrx_word' id='word_1_701' title='bbox 1170 4357 1218 4413; x_wconf 85' lang='lat' dir='ltr'><strong>bet</strong></span> <span class='ocrx_word' id='word_1_702' title='bbox 1231 4373 1257 4413; x_wconf 83' lang='lat' dir='ltr'><strong>e.</strong></span> <span class='ocrx_word' id='word_1_703' title='bbox 1279 4357 1325 4422; x_wconf 69' lang='grc' dir='ltr'><strong>δι,</strong></span> <span class='ocrx_word' id='word_1_704' title='bbox 1343 4357 1387 4413; x_wconf 81' lang='grc' dir='ltr'><strong>ιιι</strong></span> <span class='ocrx_word' id='word_1_705' title='bbox 1403 4361 1489 4428; x_wconf 90' lang='lat' dir='ltr'><strong>prima</strong></span> <span class='ocrx_word' id='word_1_706' title='bbox 1512 4356 1627 4414; x_wconf 82' lang='lat' dir='ltr'><strong>Genesis</strong></span> <span class='ocrx_word' id='word_1_707' title='bbox 1641 4360 1725 4417; x_wconf 83' lang='lat' dir='ltr'><strong>rerba</strong></span> <span class='ocrx_word' id='word_1_708' title='bbox 1739 4378 1748 4418; x_wconf 68' lang='grc' dir='ltr'>ς</span> <span class='ocrx_word' id='word_1_709' title='bbox 1764 4360 1800 4418; x_wconf 85' lang='grc' dir='ltr'><strong>ιιι</strong></span> 
     </span>
     <span class='ocr_line' id='line_1_59' title="bbox 143 4377 1797 4503; baseline 0.002 -17"><span class='ocrx_word' id='word_1_710' title='bbox 143 4431 206 4487; x_wconf 88' lang='grc' dir='ltr'>ιιιιο</span> <span class='ocrx_word' id='word_1_711' title='bbox 219 4377 356 4487; x_wconf 50' lang='lat' dir='ltr'><strong>interiecta</strong></span> <span class='ocrx_word' id='word_1_712' title='bbox 372 4444 443 4496; x_wconf 89' lang='lat' dir='ltr'><strong>csse,</strong></span> <span class='ocrx_word' id='word_1_713' title='bbox 458 4439 486 4483; x_wconf 88' lang='lat' dir='ltr'><strong>ut</strong></span> <span class='ocrx_word' id='word_1_714' title='bbox 500 4429 533 4484; x_wconf 90' lang='lat' dir='ltr'><strong>ad</strong></span> <span class='ocrx_word' id='word_1_715' title='bbox 549 4427 698 4499; x_wconf 77' lang='lat' dir='ltr'><strong>angelicam</strong></span> <span class='ocrx_word' id='word_1_716' title='bbox 714 4439 836 4483; x_wconf 85' lang='lat' dir='ltr'><strong>naturam</strong></span> <span class='ocrx_word' id='word_1_717' title='bbox 849 4429 941 4485; x_wconf 84' lang='lat' dir='ltr'><strong>coeium</strong></span> <span class='ocrx_word' id='word_1_718' title='bbox 993 4428 1130 4498; x_wconf 82' lang='lat' dir='ltr'><strong>priracipio,</strong></span> <span class='ocrx_word' id='word_1_719' title='bbox 1144 4444 1196 4483; x_wconf 91' lang='lat' dir='ltr'><strong>aon</strong></span> <span class='ocrx_word' id='word_1_720' title='bbox 1212 4427 1246 4484; x_wconf 90' lang='lat' dir='ltr'><strong>de</strong></span> <span class='ocrx_word' id='word_1_721' title='bbox 1257 4429 1388 4501; x_wconf 85' lang='lat' dir='ltr'><strong>temporis</strong></span> <span class='ocrx_word' id='word_1_722' title='bbox 1399 4427 1485 4494; x_wconf 89' lang='lat' dir='ltr'><strong>iaitio,</strong></span> <span class='ocrx_word' id='word_1_723' title='bbox 1501 4429 1548 4485; x_wconf 90' lang='lat' dir='ltr'><strong>sed</strong></span> <span class='ocrx_word' id='word_1_724' title='bbox 1560 4428 1594 4486; x_wconf 91' lang='lat' dir='ltr'><strong>de</strong></span> <span class='ocrx_word' id='word_1_725' title='bbox 1606 4429 1709 4498; x_wconf 71' lang='lat' dir='ltr'><strong>Verbo,</strong></span> <span class='ocrx_word' id='word_1_726' title='bbox 1720 4434 1797 4503; x_wconf 87' lang='lat' dir='ltr'><strong>qnod</strong></span> 
     </span>
     <span class='ocr_line' id='line_1_60' title="bbox 144 4497 1800 4574; baseline 0.002 -17"><span class='ocrx_word' id='word_1_727' title='bbox 144 4509 239 4557; x_wconf 84' lang='lat' dir='ltr'><strong>terram</strong></span> <span class='ocrx_word' id='word_1_728' title='bbox 254 4500 287 4557; x_wconf 92' lang='lat' dir='ltr'><strong>ad</strong></span> <span class='ocrx_word' id='word_1_729' title='bbox 307 4500 468 4557; x_wconf 87' lang='lat' dir='ltr'><strong>mundanam</strong></span> <span class='ocrx_word' id='word_1_730' title='bbox 484 4500 608 4556; x_wconf 86' lang='lat' dir='ltr'><strong>reterret.</strong></span> <span class='ocrx_word' id='word_1_731' title='bbox 621 4497 702 4569; x_wconf 80' lang='lat' dir='ltr'><strong>Atqui</strong></span> <span class='ocrx_word' id='word_1_732' title='bbox 717 4501 824 4571; x_wconf 85' lang='lat' dir='ltr'><strong>Moyses</strong></span> <span class='ocrx_word' id='word_1_733' title='bbox 838 4502 938 4557; x_wconf 85' lang='lat' dir='ltr'><strong>coelum</strong></span> <span class='ocrx_word' id='word_1_734' title='bbox 951 4507 978 4568; x_wconf 86' lang='lat' dir='ltr'><strong>l)</strong></span> <span class='ocrx_word' id='word_1_735' title='bbox 991 4499 1073 4556; x_wconf 88' lang='lat' dir='ltr'><strong>etiarn</strong></span> <span class='ocrx_word' id='word_1_736' title='bbox 1101 4498 1240 4571; x_wconf 88' lang='lat' dir='ltr'><strong>Scriptura</strong></span> <span class='ocrx_word' id='word_1_737' title='bbox 1266 4501 1428 4571; x_wconf 91' lang='lat' dir='ltr'><strong>principium</strong></span> <span class='ocrx_word' id='word_1_738' title='bbox 1453 4501 1585 4567; x_wconf 88' lang='lat' dir='ltr'><strong>nominat,</strong></span> <span class='ocrx_word' id='word_1_739' title='bbox 1619 4501 1800 4574; x_wconf 84' lang='lat' dir='ltr'><strong>interpretari</strong></span> 
     </span>
     <span class='ocr_line' id='line_1_61' title="bbox 143 4569 1800 4644; baseline 0.002 -16"><span class='ocrx_word' id='word_1_740' title='bbox 143 4585 207 4630; x_wconf 85' lang='lat' dir='ltr'><strong>aare</strong></span> <span class='ocrx_word' id='word_1_741' title='bbox 230 4582 329 4631; x_wconf 85' lang='lat' dir='ltr'><strong>terrant</strong></span> <span class='ocrx_word' id='word_1_742' title='bbox 353 4581 494 4636; x_wconf 89' lang='lat' dir='ltr'><strong>memorat,</strong></span> <span class='ocrx_word' id='word_1_743' title='bbox 516 4569 683 4642; x_wconf 81' lang='lat' dir='ltr'><strong>proindeque</strong></span> <span class='ocrx_word' id='word_1_744' title='bbox 704 4585 719 4625; x_wconf 91' lang='lat' dir='ltr'><strong>a</strong></span> <span class='ocrx_word' id='word_1_745' title='bbox 743 4569 863 4626; x_wconf 87' lang='lat' dir='ltr'><strong>Concilio</strong></span> <span class='ocrx_word' id='word_1_746' title='bbox 883 4585 936 4628; x_wconf 93' lang='lat' dir='ltr'><strong>aon</strong></span> <span class='ocrx_word' id='word_1_747' title='bbox 992 4569 1086 4642; x_wconf 91' lang='lat' dir='ltr'><strong>licere,</strong></span> <span class='ocrx_word' id='word_1_748' title='bbox 1111 4585 1142 4627; x_wconf 92' lang='lat' dir='ltr'><strong>ea</strong></span> <span class='ocrx_word' id='word_1_749' title='bbox 1164 4586 1196 4626; x_wconf 90' lang='lat' dir='ltr'><strong>ae</strong></span> <span class='ocrx_word' id='word_1_750' title='bbox 1217 4570 1440 4644; x_wconf 83' lang='lat' dir='ltr'><strong>interpretatione</strong></span> <span class='ocrx_word' id='word_1_751' title='bbox 1460 4587 1491 4628; x_wconf 88' lang='lat' dir='ltr'><strong>se</strong></span> <span class='ocrx_word' id='word_1_752' title='bbox 1506 4571 1649 4643; x_wconf 90' lang='lat' dir='ltr'><strong>plurimum</strong></span> <span class='ocrx_word' id='word_1_753' title='bbox 1664 4574 1800 4634; x_wconf 86' lang='lat' dir='ltr'><strong>delcetat</strong></span> 
     </span>
     <span class='ocr_line' id='line_1_62' title="bbox 143 4588 1799 4718; baseline 0.002 -17"><span class='ocrx_word' id='word_1_754' title='bbox 143 4643 279 4713; x_wconf 82' lang='lat' dir='ltr'><strong>dissentit,</strong></span> <span class='ocrx_word' id='word_1_755' title='bbox 295 4642 461 4716; x_wconf 89' lang='lat' dir='ltr'><strong>quiaagelos</strong></span> <span class='ocrx_word' id='word_1_756' title='bbox 475 4652 538 4697; x_wconf 90' lang='lat' dir='ltr'><strong>ante</strong></span> <span class='ocrx_word' id='word_1_757' title='bbox 552 4641 676 4698; x_wconf 89' lang='lat' dir='ltr'><strong>earndem</strong></span> <span class='ocrx_word' id='word_1_758' title='bbox 692 4640 830 4712; x_wconf 81' lang='lat' dir='ltr'><strong>predicat.</strong></span> <span class='ocrx_word' id='word_1_759' title='bbox 845 4641 939 4714; x_wconf 88' lang='lat' dir='ltr'><strong>Neque</strong></span> <span class='ocrx_word' id='word_1_760' title='bbox 989 4640 1119 4697; x_wconf 86' lang='lat' dir='ltr'><strong>declarat.</strong></span> <span class='ocrx_word' id='word_1_761' title='bbox 1135 4588 1192 4698; x_wconf 49' lang='lat' dir='ltr'><strong>lieo</strong></span> <span class='ocrx_word' id='word_1_762' title='bbox 1205 4641 1504 4699; x_wconf 83' lang='lat' dir='ltr'><strong>dunrtaxatcareadum</strong></span> <span class='ocrx_word' id='word_1_763' title='bbox 1519 4643 1610 4713; x_wconf 88' lang='lat' dir='ltr'><strong>docet,</strong></span> <span class='ocrx_word' id='word_1_764' title='bbox 1632 4659 1669 4701; x_wconf 93' lang='lat' dir='ltr'><strong>ue</strong></span> <span class='ocrx_word' id='word_1_765' title='bbox 1681 4648 1799 4718; x_wconf 77' lang='lat' dir='ltr'><strong>angelos</strong></span> 
     </span>
     <span class='ocr_line' id='line_1_63' title="bbox 143 4712 1402 4788; baseline -0.003 -16"><span class='ocrx_word' id='word_1_766' title='bbox 143 4718 229 4788; x_wconf 88' lang='lat' dir='ltr'><strong>magis</strong></span> <span class='ocrx_word' id='word_1_767' title='bbox 254 4726 395 4788; x_wconf 85' lang='lat' dir='ltr'><strong>repugnat,</strong></span> <span class='ocrx_word' id='word_1_768' title='bbox 420 4712 491 4786; x_wconf 92' lang='lat' dir='ltr'><strong>quod</strong></span> <span class='ocrx_word' id='word_1_769' title='bbox 515 4714 552 4770; x_wconf 89' lang='lat' dir='ltr'><strong>ait</strong></span> <span class='ocrx_word' id='word_1_770' title='bbox 575 4712 692 4768; x_wconf 88' lang='lat' dir='ltr'><strong>liilarios</strong></span> <span class='ocrx_word' id='word_1_771' title='bbox 716 4722 809 4768; x_wconf 89' lang='lat' dir='ltr'><strong>contra</strong></span> <span class='ocrx_word' id='word_1_772' title='bbox 828 4712 939 4771; x_wconf 79' lang='lat' dir='ltr'><strong>Aurea·</strong></span> <span class='ocrx_word' id='word_1_773' title='bbox 990 4712 1047 4769; x_wconf 85' lang='lat' dir='ltr'><strong>Deo</strong></span> <span class='ocrx_word' id='word_1_774' title='bbox 1063 4724 1213 4770; x_wconf 81' lang='lat' dir='ltr'><strong>coeternas</strong></span> <span class='ocrx_word' id='word_1_775' title='bbox 1228 4715 1402 4771; x_wconf 88' lang='lat' dir='ltr'><strong>arbitremur.</strong></span> 
     </span>
     <span class='ocr_line' id='line_1_64' title="bbox 143 4782 1804 4862; baseline 0.003 -21"><span class='ocrx_word' id='word_1_776' title='bbox 143 4787 209 4844; x_wconf 92' lang='lat' dir='ltr'><strong>tium</strong></span> <span class='ocrx_word' id='word_1_777' title='bbox 224 4804 252 4843; x_wconf 92' lang='lat' dir='ltr'><strong>a.</strong></span> <span class='ocrx_word' id='word_1_778' title='bbox 267 4786 311 4854; x_wconf 84' lang='lat' dir='ltr'><strong>ld,</strong></span> <span class='ocrx_word' id='word_1_779' title='bbox 326 4785 457 4842; x_wconf 74' lang='lat' dir='ltr'><strong>abbatum</strong></span> <span class='ocrx_word' id='word_1_780' title='bbox 474 4794 533 4840; x_wconf 82' lang='lat' dir='ltr'><strong>aare</strong></span> <span class='ocrx_word' id='word_1_781' title='bbox 554 4794 668 4857; x_wconf 83' lang='lat' dir='ltr'><strong>temporo</strong></span> <span class='ocrx_word' id='word_1_782' title='bbox 681 4792 705 4839; x_wconf 84' lang='grc' dir='ltr'><strong>ιι</strong></span> <span class='ocrx_word' id='word_1_783' title='bbox 724 4784 820 4839; x_wconf 79' lang='lat' dir='ltr'><strong>secuta</strong></span> <span class='ocrx_word' id='word_1_784' title='bbox 841 4785 937 4840; x_wconf 73' lang='lat' dir='ltr'><strong>ruisti·</strong></span> <span class='ocrx_word' id='word_1_785' title='bbox 1026 4782 1066 4856; x_wconf 80' lang='lat' dir='ltr'><strong>(d)</strong></span> <span class='ocrx_word' id='word_1_786' title='bbox 1081 4785 1135 4841; x_wconf 84' lang='lat' dir='ltr'><strong>Sic.</strong></span> <span class='ocrx_word' id='word_1_787' title='bbox 1152 4784 1231 4852; x_wconf 79' lang='lat' dir='ltr'><strong>bad..</strong></span> <span class='ocrx_word' id='word_1_788' title='bbox 1245 4785 1292 4842; x_wconf 84' lang='lat' dir='ltr'><strong>Er.</strong></span> <span class='ocrx_word' id='word_1_789' title='bbox 1309 4785 1473 4853; x_wconf 68' lang='lat' dir='ltr'><strong>arripare</strong></span> <span class='ocrx_word' id='word_1_790' title='bbox 1494 4784 1585 4855; x_wconf 88' lang='lat' dir='ltr'><strong>plnres</strong></span> <span class='ocrx_word' id='word_1_791' title='bbox 1599 4799 1667 4842; x_wconf 83' lang='lat' dir='ltr'><strong>aras.</strong></span> <span class='ocrx_word' id='word_1_792' title='bbox 1684 4786 1804 4862; x_wconf 83' lang='lat' dir='ltr'><strong>Aliquot.</strong></span> 
     </span>
    </p>
   </div>
   <div class='ocr_carea' id='block_1_12' title="bbox 127 4854 938 5787">
    <p class='ocr_par' dir='ltr' id='par_1_12' title="bbox 141 4854 938 5212">
     <span class='ocr_line' id='line_1_65' title="bbox 142 4854 937 4920; baseline -0.004 -6"><span class='ocrx_word' id='word_1_793' title='bbox 142 4862 210 4914; x_wconf 75' lang='lat' dir='ltr'><strong>tiras.</strong></span> <span class='ocrx_word' id='word_1_794' title='bbox 227 4859 294 4914; x_wconf 86' lang='lat' dir='ltr'><strong>Nam</strong></span> <span class='ocrx_word' id='word_1_795' title='bbox 314 4873 375 4912; x_wconf 92' lang='lat' dir='ltr'><strong>corn</strong></span> <span class='ocrx_word' id='word_1_796' title='bbox 396 4857 439 4913; x_wconf 88' lang='lat' dir='ltr'><strong>hic</strong></span> <span class='ocrx_word' id='word_1_797' title='bbox 450 4855 492 4912; x_wconf 93' lang='lat' dir='ltr'><strong>dis</strong></span> <span class='ocrx_word' id='word_1_798' title='bbox 514 4865 568 4914; x_wconf 91' lang='lat' dir='ltr'><strong>utet</strong></span> <span class='ocrx_word' id='word_1_799' title='bbox 582 4867 676 4911; x_wconf 91' lang='lat' dir='ltr'><strong>contra</strong></span> <span class='ocrx_word' id='word_1_800' title='bbox 688 4854 829 4920; x_wconf 86' lang='lat' dir='ltr'><strong>Ariaaum,</strong></span> <span class='ocrx_word' id='word_1_801' title='bbox 843 4854 937 4913; x_wconf 89' lang='lat' dir='ltr'><strong>Ariani</strong></span> 
     </span>
     <span class='ocr_line' id='line_1_66' title="bbox 143 4928 938 4999; baseline -0.005 -13"><span class='ocrx_word' id='word_1_802' title='bbox 143 4942 233 4987; x_wconf 89' lang='lat' dir='ltr'><strong>autem</strong></span> <span class='ocrx_word' id='word_1_803' title='bbox 248 4931 337 4987; x_wconf 87' lang='lat' dir='ltr'><strong>soleat</strong></span> <span class='ocrx_word' id='word_1_804' title='bbox 351 4938 466 4999; x_wconf 86' lang='lat' dir='ltr'><strong>tempora</strong></span> <span class='ocrx_word' id='word_1_805' title='bbox 498 4928 586 4983; x_wconf 84' lang='lat' dir='ltr'><strong>erolir</strong></span> <span class='ocrx_word' id='word_1_806' title='bbox 598 4944 628 4982; x_wconf 85' lang='lat' dir='ltr'><strong>uc</strong></span> <span class='ocrx_word' id='word_1_807' title='bbox 650 4928 720 4981; x_wconf 82' lang='lat' dir='ltr'><strong>luam</strong></span> <span class='ocrx_word' id='word_1_808' title='bbox 742 4928 869 4982; x_wconf 82' lang='lat' dir='ltr'><strong>creatione</strong></span> <span class='ocrx_word' id='word_1_809' title='bbox 890 4943 938 4982; x_wconf 86' lang='lat' dir='ltr'><strong>nu·</strong></span> 
     </span>
     <span class='ocr_line' id='line_1_67' title="bbox 141 4996 936 5070; baseline 0.001 -15"><span class='ocrx_word' id='word_1_810' title='bbox 141 5017 251 5070; x_wconf 67' lang='lat' dir='ltr'><strong>oreore,</strong></span> <span class='ocrx_word' id='word_1_811' title='bbox 266 5007 297 5055; x_wconf 90' lang='lat' dir='ltr'><strong>ot</strong></span> <span class='ocrx_word' id='word_1_812' title='bbox 309 5000 459 5055; x_wconf 85' lang='lat' dir='ltr'><strong>audirimus</strong></span> <span class='ocrx_word' id='word_1_813' title='bbox 481 5012 562 5070; x_wconf 84' lang='lat' dir='ltr'><strong>sopra</strong></span> <span class='ocrx_word' id='word_1_814' title='bbox 576 5015 603 5054; x_wconf 91' lang='lat' dir='ltr'><strong>a.</strong></span> <span class='ocrx_word' id='word_1_815' title='bbox 619 4999 665 5064; x_wconf 72' lang='grc'><strong>54,</strong></span> <span class='ocrx_word' id='word_1_816' title='bbox 688 4996 751 5054; x_wconf 88' lang='lat' dir='ltr'><strong>irinc</strong></span> <span class='ocrx_word' id='word_1_817' title='bbox 774 5006 877 5055; x_wconf 88' lang='lat' dir='ltr'><strong>tantum</strong></span> <span class='ocrx_word' id='word_1_818' title='bbox 891 5013 936 5056; x_wconf 87' lang='lat' dir='ltr'><strong>se·</strong></span> 
     </span>
     <span class='ocr_line' id='line_1_68' title="bbox 141 5069 938 5146; baseline -0.004 -18"><span class='ocrx_word' id='word_1_819' title='bbox 141 5073 233 5146; x_wconf 87' lang='lat' dir='ltr'><strong>quitor</strong></span> <span class='ocrx_word' id='word_1_820' title='bbox 254 5071 377 5144; x_wconf 85' lang='lat' dir='ltr'><strong>angelos,</strong></span> <span class='ocrx_word' id='word_1_821' title='bbox 393 5069 559 5142; x_wconf 89' lang='lat' dir='ltr'><strong>proindeque</strong></span> <span class='ocrx_word' id='word_1_822' title='bbox 570 5069 719 5135; x_wconf 88' lang='lat' dir='ltr'><strong>diabolum,</strong></span> <span class='ocrx_word' id='word_1_823' title='bbox 735 5078 798 5125; x_wconf 88' lang='lat' dir='ltr'><strong>ante</strong></span> <span class='ocrx_word' id='word_1_824' title='bbox 810 5071 896 5126; x_wconf 90' lang='lat' dir='ltr'><strong>solem</strong></span> <span class='ocrx_word' id='word_1_825' title='bbox 910 5078 938 5128; x_wconf 91' lang='lat' dir='ltr'><strong>et</strong></span> 
     </span>
     <span class='ocr_line' id='line_1_69' title="bbox 141 5139 935 5212; baseline -0.005 -12"><span class='ocrx_word' id='word_1_826' title='bbox 141 5144 234 5202; x_wconf 89' lang='lat' dir='ltr'><strong>lunam</strong></span> <span class='ocrx_word' id='word_1_827' title='bbox 248 5142 412 5200; x_wconf 88' lang='lat' dir='ltr'><strong>substitisse.</strong></span> <span class='ocrx_word' id='word_1_828' title='bbox 428 5139 505 5210; x_wconf 84' lang='lat' dir='ltr'><strong>Quod</strong></span> <span class='ocrx_word' id='word_1_829' title='bbox 519 5139 752 5197; x_wconf 89' lang='lat' dir='ltr'><strong>noainlleiaadom</strong></span> <span class='ocrx_word' id='word_1_830' title='bbox 763 5150 857 5197; x_wconf 89' lang='lat' dir='ltr'><strong>censet</strong></span> <span class='ocrx_word' id='word_1_831' title='bbox 872 5141 935 5212; x_wconf 85' lang='lat' dir='ltr'><strong>Epi·</strong></span> 
     </span>
    </p>

    <p class='ocr_par' dir='ltr' id='par_1_13' title="bbox 127 5211 935 5787">
     <span class='ocr_line' id='line_1_70' title="bbox 160 5211 935 5283; baseline -0.001 -13"><span class='ocrx_word' id='word_1_832' title='bbox 160 5215 256 5270; x_wconf 89' lang='lat' dir='ltr'><strong>banias</strong></span> <span class='ocrx_word' id='word_1_833' title='bbox 268 5215 335 5271; x_wconf 77' lang='lat' dir='ltr'><strong>ber.</strong></span> <span class='ocrx_word' id='word_1_834' title='bbox 350 5211 395 5278; x_wconf 83' lang='lat'><strong>65,</strong></span> <span class='ocrx_word' id='word_1_835' title='bbox 422 5226 449 5268; x_wconf 92' lang='lat' dir='ltr'><strong>a.</strong></span> <span class='ocrx_word' id='word_1_836' title='bbox 476 5214 510 5280; x_wconf 74' lang='grc' dir='ltr'><strong>ὅ,</strong></span> <span class='ocrx_word' id='word_1_837' title='bbox 525 5220 634 5283; x_wconf 91' lang='lat' dir='ltr'><strong>propter</strong></span> <span class='ocrx_word' id='word_1_838' title='bbox 647 5211 713 5268; x_wconf 90' lang='lat' dir='ltr'><strong>iilud</strong></span> <span class='ocrx_word' id='word_1_839' title='bbox 727 5211 805 5268; x_wconf 81' lang='lat' dir='ltr'><strong>toan.</strong></span> <span class='ocrx_word' id='word_1_840' title='bbox 822 5227 935 5280; x_wconf 80' lang='lat' dir='ltr'><strong>xxxma,</strong></span> 
     </span>
     <span class='ocr_line' id='line_1_71' title="bbox 140 5228 933 5359; baseline -0.003 -18"><span class='ocrx_word' id='word_1_841' title='bbox 140 5228 177 5344; x_wconf 59' lang='grc' dir='ltr'><strong>ξι</strong></span> <span class='ocrx_word' id='word_1_842' title='bbox 192 5285 256 5342; x_wconf 82' lang='lat' dir='ltr'><strong>Cant</strong></span> <span class='ocrx_word' id='word_1_843' title='bbox 268 5290 337 5359; x_wconf 72' lang='lat' dir='ltr'><strong>suctu</strong></span> <span class='ocrx_word' id='word_1_844' title='bbox 351 5283 514 5350; x_wconf 71' lang='lat' dir='ltr'><strong>contriciam,</strong></span> <span class='ocrx_word' id='word_1_845' title='bbox 530 5283 697 5340; x_wconf 80' lang='lat' dir='ltr'><strong>laudaverunt</strong></span> <span class='ocrx_word' id='word_1_846' title='bbox 716 5300 757 5338; x_wconf 85' lang='lat' dir='ltr'><strong>me</strong></span> <span class='ocrx_word' id='word_1_847' title='bbox 777 5299 863 5339; x_wconf 74' lang='lat' dir='ltr'><strong>omisca</strong></span> <span class='ocrx_word' id='word_1_848' title='bbox 885 5301 933 5340; x_wconf 88' lang='lat' dir='ltr'><strong>arr·</strong></span> 
     </span>
     <span class='ocr_line' id='line_1_72' title="bbox 140 5355 934 5431; baseline -0.003 -17"><span class='ocrx_word' id='word_1_849' title='bbox 140 5359 251 5431; x_wconf 83' lang='lat' dir='ltr'><strong>petinet</strong></span> <span class='ocrx_word' id='word_1_850' title='bbox 263 5373 273 5414; x_wconf 89' lang='lat'><strong>.·</strong></span> <span class='ocrx_word' id='word_1_851' title='bbox 286 5359 408 5430; x_wconf 85' lang='lat' dir='ltr'><strong>quamuis</strong></span> <span class='ocrx_word' id='word_1_852' title='bbox 422 5356 480 5427; x_wconf 87' lang='lat' dir='ltr'><strong>ipse</strong></span> <span class='ocrx_word' id='word_1_853' title='bbox 493 5370 545 5412; x_wconf 92' lang='lat' dir='ltr'><strong>noa</strong></span> <span class='ocrx_word' id='word_1_854' title='bbox 562 5357 657 5425; x_wconf 88' lang='lat' dir='ltr'><strong>probet</strong></span> <span class='ocrx_word' id='word_1_855' title='bbox 670 5370 729 5422; x_wconf 91' lang='lat' dir='ltr'><strong>cas,</strong></span> <span class='ocrx_word' id='word_1_856' title='bbox 745 5355 792 5426; x_wconf 89' lang='lat' dir='ltr'><strong>qai</strong></span> <span class='ocrx_word' id='word_1_857' title='bbox 810 5355 934 5426; x_wconf 89' lang='lat' dir='ltr'><strong>aliquan·</strong></span> 
     </span>
     <span class='ocr_line' id='line_1_73' title="bbox 139 5425 934 5501; baseline -0.003 -17"><span class='ocrx_word' id='word_1_858' title='bbox 139 5439 195 5485; x_wconf 87' lang='lat' dir='ltr'><strong>tum</strong></span> <span class='ocrx_word' id='word_1_859' title='bbox 211 5432 341 5501; x_wconf 88' lang='lat' dir='ltr'><strong>temporis</strong></span> <span class='ocrx_word' id='word_1_860' title='bbox 355 5436 418 5484; x_wconf 85' lang='lat' dir='ltr'><strong>ante</strong></span> <span class='ocrx_word' id='word_1_861' title='bbox 433 5430 561 5483; x_wconf 90' lang='lat' dir='ltr'><strong>mundum</strong></span> <span class='ocrx_word' id='word_1_862' title='bbox 576 5427 686 5499; x_wconf 83' lang='lat' dir='ltr'><strong>angelos</strong></span> <span class='ocrx_word' id='word_1_863' title='bbox 698 5425 822 5483; x_wconf 87' lang='lat' dir='ltr'><strong>conditos</strong></span> <span class='ocrx_word' id='word_1_864' title='bbox 842 5441 934 5483; x_wconf 89' lang='lat' dir='ltr'><strong>sense-</strong></span> 
     </span>
     <span class='ocr_line' id='line_1_74' title="bbox 139 5497 934 5568; baseline -0.003 -12"><span class='ocrx_word' id='word_1_865' title='bbox 139 5512 218 5568; x_wconf 83' lang='lat' dir='ltr'><strong>ruut3</strong></span> <span class='ocrx_word' id='word_1_866' title='bbox 239 5509 267 5558; x_wconf 93' lang='lat' dir='ltr'><strong>et</strong></span> <span class='ocrx_word' id='word_1_867' title='bbox 280 5512 373 5557; x_wconf 86' lang='lat' dir='ltr'><strong>eontra</strong></span> <span class='ocrx_word' id='word_1_868' title='bbox 384 5513 431 5556; x_wconf 89' lang='lat' dir='ltr'><strong>eos</strong></span> <span class='ocrx_word' id='word_1_869' title='bbox 451 5513 525 5554; x_wconf 89' lang='lat' dir='ltr'><strong>anm.</strong></span> <span class='ocrx_word' id='word_1_870' title='bbox 541 5499 569 5563; x_wconf 83' lang='lat'><strong>8,</strong></span> <span class='ocrx_word' id='word_1_871' title='bbox 585 5499 684 5554; x_wconf 87' lang='lat' dir='ltr'><strong>acriter</strong></span> <span class='ocrx_word' id='word_1_872' title='bbox 697 5497 853 5566; x_wconf 89' lang='lat' dir='ltr'><strong>contendat,</strong></span> <span class='ocrx_word' id='word_1_873' title='bbox 874 5513 934 5554; x_wconf 94' lang='lat' dir='ltr'><strong>cer-</strong></span> 
     </span>
     <span class='ocr_line' id='line_1_75' title="bbox 138 5569 935 5637; baseline -0.001 -11"><span class='ocrx_word' id='word_1_874' title='bbox 138 5579 192 5627; x_wconf 84' lang='lat' dir='ltr'><strong>tam</strong></span> <span class='ocrx_word' id='word_1_875' title='bbox 217 5571 290 5628; x_wconf 90' lang='lat' dir='ltr'><strong>illam</strong></span> <span class='ocrx_word' id='word_1_876' title='bbox 314 5586 375 5628; x_wconf 87' lang='lat' dir='ltr'><strong>essa</strong></span> <span class='ocrx_word' id='word_1_877' title='bbox 399 5577 426 5626; x_wconf 93' lang='lat' dir='ltr'><strong>et</strong></span> <span class='ocrx_word' id='word_1_878' title='bbox 449 5571 644 5626; x_wconf 89' lang='lat' dir='ltr'><strong>immutabilem</strong></span> <span class='ocrx_word' id='word_1_879' title='bbox 674 5569 848 5637; x_wconf 87' lang='lat' dir='ltr'><strong>senteutiam,</strong></span> <span class='ocrx_word' id='word_1_880' title='bbox 875 5578 935 5625; x_wconf 82' lang='lat' dir='ltr'><strong>ante</strong></span> 
     </span>
     <span class='ocr_line' id='line_1_76' title="bbox 138 5641 934 5699; baseline 0 -3"><span class='ocrx_word' id='word_1_881' title='bbox 138 5642 230 5698; x_wconf 84' lang='lat' dir='ltr'><strong>roeium</strong></span> <span class='ocrx_word' id='word_1_882' title='bbox 242 5653 266 5699; x_wconf 84' lang='lat' dir='ltr'><strong>et</strong></span> <span class='ocrx_word' id='word_1_883' title='bbox 278 5654 373 5699; x_wconf 86' lang='lat' dir='ltr'><strong>terrom</strong></span> <span class='ocrx_word' id='word_1_884' title='bbox 386 5641 451 5698; x_wconf 80' lang='lat' dir='ltr'><strong>nibil</strong></span> <span class='ocrx_word' id='word_1_885' title='bbox 472 5641 577 5698; x_wconf 86' lang='lat' dir='ltr'><strong>omniuo</strong></span> <span class='ocrx_word' id='word_1_886' title='bbox 595 5657 680 5697; x_wconf 85' lang='lat' dir='ltr'><strong>rarum</strong></span> <span class='ocrx_word' id='word_1_887' title='bbox 704 5641 865 5696; x_wconf 70' lang='lat' dir='ltr'><strong>sareditarum</strong></span> <span class='ocrx_word' id='word_1_888' title='bbox 890 5656 934 5696; x_wconf 77' lang='lat' dir='ltr'><strong>er·</strong></span> 
     </span>
     <span class='ocr_line' id='line_1_77' title="bbox 127 5709 934 5787; baseline 0.005 -23"><span class='ocrx_word' id='word_1_889' title='bbox 127 5715 375 5787; x_wconf 64' lang='lat' dir='ltr'><strong>sciisse.·qaaaiam</strong></span> <span class='ocrx_word' id='word_1_890' title='bbox 390 5713 417 5768; x_wconf 86' lang='grc' dir='ltr'><strong>ιι</strong></span> <span class='ocrx_word' id='word_1_891' title='bbox 437 5713 566 5786; x_wconf 85' lang='lat' dir='ltr'><strong>principia</strong></span> <span class='ocrx_word' id='word_1_892' title='bbox 586 5713 680 5771; x_wconf 87' lang='lat' dir='ltr'><strong>creauit</strong></span> <span class='ocrx_word' id='word_1_893' title='bbox 701 5709 773 5770; x_wconf 79' lang='lat' dir='ltr'><strong>Dran</strong></span> <span class='ocrx_word' id='word_1_894' title='bbox 796 5714 888 5769; x_wconf 83' lang='lat' dir='ltr'><strong>coctum</strong></span> <span class='ocrx_word' id='word_1_895' title='bbox 910 5722 934 5768; x_wconf 80' lang='lat' dir='ltr'><strong>et</strong></span> 
     </span>
    </p>
   </div>
   <div class='ocr_carea' id='block_1_13' title="bbox 987 4856 1801 5791">
    <p class='ocr_par' dir='ltr' id='par_1_14' title="bbox 988 4856 1797 4998">
     <span class='ocr_line' id='line_1_78' title="bbox 990 4856 1797 4931; baseline 0.011 -21"><span class='ocrx_word' id='word_1_896' title='bbox 990 4858 1081 4925; x_wconf 87' lang='lat' dir='ltr'><strong>pruine</strong></span> <span class='ocrx_word' id='word_1_897' title='bbox 1095 4868 1166 4911; x_wconf 74' lang='lat' dir='ltr'><strong>notor</strong></span> <span class='ocrx_word' id='word_1_898' title='bbox 1178 4871 1237 4913; x_wconf 88' lang='lat' dir='ltr'><strong>conr</strong></span> <span class='ocrx_word' id='word_1_899' title='bbox 1252 4856 1326 4920; x_wconf 83' lang='lat' dir='ltr'><strong>Par..</strong></span> <span class='ocrx_word' id='word_1_900' title='bbox 1345 4857 1405 4927; x_wconf 79' lang='lat' dir='ltr'><strong>qaia</strong></span> <span class='ocrx_word' id='word_1_901' title='bbox 1426 4872 1466 4912; x_wconf 85' lang='lat' dir='ltr'><strong>ea.</strong></span> <span class='ocrx_word' id='word_1_902' title='bbox 1484 4857 1513 4912; x_wconf 93' lang='lat' dir='ltr'><strong>ln</strong></span> <span class='ocrx_word' id='word_1_903' title='bbox 1528 4859 1622 4917; x_wconf 84' lang='lat' dir='ltr'><strong>codiee</strong></span> <span class='ocrx_word' id='word_1_904' title='bbox 1635 4857 1700 4916; x_wconf 66' lang='grc' dir='ltr'>ιιι.</span> <span class='ocrx_word' id='word_1_905' title='bbox 1722 4862 1797 4931; x_wconf 78' lang='lat' dir='ltr'><strong>iras..</strong></span> 
     </span>
     <span class='ocr_line' id='line_1_79' title="bbox 988 4928 1616 4998; baseline 0.005 -17"><span class='ocrx_word' id='word_1_906' title='bbox 988 4928 1050 4996; x_wconf 89' lang='lat' dir='ltr'><strong>quia</strong></span> <span class='ocrx_word' id='word_1_907' title='bbox 1063 4928 1107 4998; x_wconf 89' lang='lat' dir='ltr'><strong>qui</strong></span> <span class='ocrx_word' id='word_1_908' title='bbox 1119 4936 1177 4983; x_wconf 87' lang='lat' dir='ltr'><strong>mate</strong></span> <span class='ocrx_word' id='word_1_909' title='bbox 1191 4937 1285 4984; x_wconf 82' lang='lat' dir='ltr'><strong>terrant</strong></span> <span class='ocrx_word' id='word_1_910' title='bbox 1298 4938 1321 4984; x_wconf 91' lang='lat' dir='ltr'><strong>et</strong></span> <span class='ocrx_word' id='word_1_911' title='bbox 1334 4935 1432 4982; x_wconf 82' lang='grc' dir='ltr'>ιιιοιιιιι</span> <span class='ocrx_word' id='word_1_912' title='bbox 1445 4936 1468 4983; x_wconf 82' lang='lat' dir='ltr'><strong>et</strong></span> <span class='ocrx_word' id='word_1_913' title='bbox 1480 4928 1559 4985; x_wconf 77' lang='lat' dir='ltr'><strong>colico</strong></span> <span class='ocrx_word' id='word_1_914' title='bbox 1573 4931 1616 4986; x_wconf 82' lang='lat' dir='ltr'><strong>rit.</strong></span> 
     </span>
    </p>

    <p class='ocr_par' dir='ltr' id='par_1_15' title="bbox 990 4996 1801 5124">
     <span class='ocr_line' id='line_1_80' title="bbox 1026 4996 1801 5071; baseline 0.013 -19"><span class='ocrx_word' id='word_1_915' title='bbox 1026 4996 1063 5071; x_wconf 82' lang='lat' dir='ltr'><strong>(e)</strong></span> <span class='ocrx_word' id='word_1_916' title='bbox 1087 4999 1197 5056; x_wconf 83' lang='lat' dir='ltr'><strong>llarrin.</strong></span> <span class='ocrx_word' id='word_1_917' title='bbox 1221 5015 1287 5068; x_wconf 82' lang='lat' dir='ltr'><strong>ms,</strong></span> <span class='ocrx_word' id='word_1_918' title='bbox 1313 5001 1419 5057; x_wconf 73' lang='lat' dir='ltr'><strong>adeam</strong></span> <span class='ocrx_word' id='word_1_919' title='bbox 1442 4998 1482 5054; x_wconf 83' lang='lat' dir='ltr'><strong>itti</strong></span> <span class='ocrx_word' id='word_1_920' title='bbox 1496 5040 1505 5068; x_wconf 95' lang='lat'><strong>,</strong></span> <span class='ocrx_word' id='word_1_921' title='bbox 1521 5009 1544 5055; x_wconf 85' lang='lat' dir='ltr'><strong>ct</strong></span> <span class='ocrx_word' id='word_1_922' title='bbox 1565 5016 1624 5057; x_wconf 81' lang='lat' dir='ltr'><strong>caru</strong></span> <span class='ocrx_word' id='word_1_923' title='bbox 1646 5014 1801 5062; x_wconf 74' lang='lat' dir='ltr'><strong>secerneret</strong></span> 
     </span>
     <span class='ocr_line' id='line_1_81' title="bbox 990 5070 1171 5124; baseline 0 0"><span class='ocrx_word' id='word_1_924' title='bbox 990 5085 1063 5124; x_wconf 84' lang='lat' dir='ltr'><strong>auam</strong></span> <span class='ocrx_word' id='word_1_925' title='bbox 1076 5070 1171 5124; x_wconf 83' lang='lat' dir='ltr'><strong>sedem.</strong></span> 
     </span>
    </p>

    <p class='ocr_par' dir='ltr' id='par_1_16' title="bbox 1026 5139 1320 5209">
     <span class='ocr_line' id='line_1_82' title="bbox 1026 5139 1320 5209; baseline 0.014 -14"><span class='ocrx_word' id='word_1_926' title='bbox 1026 5144 1035 5209; x_wconf 88' lang='grc'><strong>(</strong></span> <span class='ocrx_word' id='word_1_927' title='bbox 1074 5139 1103 5195; x_wconf 94' lang='lat' dir='ltr'><strong>ln</strong></span> <span class='ocrx_word' id='word_1_928' title='bbox 1119 5156 1197 5207; x_wconf 77' lang='lat' dir='ltr'><strong>urso..</strong></span> <span class='ocrx_word' id='word_1_929' title='bbox 1212 5152 1320 5199; x_wconf 78' lang='lat' dir='ltr'><strong>rorantes.</strong></span> 
     </span>
    </p>

    <p class='ocr_par' dir='ltr' id='par_1_17' title="bbox 987 5212 1798 5411">
     <span class='ocr_line' id='line_1_83' title="bbox 1026 5212 1798 5289; baseline 0.012 -22"><span class='ocrx_word' id='word_1_930' title='bbox 1026 5212 1053 5284; x_wconf 80' lang='lat' dir='ltr'><strong>(p</strong></span> <span class='ocrx_word' id='word_1_931' title='bbox 1079 5212 1233 5284; x_wconf 75' lang='lat' dir='ltr'><strong>tegendum</strong></span> <span class='ocrx_word' id='word_1_932' title='bbox 1247 5228 1374 5284; x_wconf 88' lang='lat' dir='ltr'><strong>potamos</strong></span> <span class='ocrx_word' id='word_1_933' title='bbox 1387 5215 1416 5272; x_wconf 91' lang='lat' dir='ltr'><strong>in</strong></span> <span class='ocrx_word' id='word_1_934' title='bbox 1427 5214 1557 5288; x_wconf 71' lang='lat' dir='ltr'><strong>infinitam</strong></span> <span class='ocrx_word' id='word_1_935' title='bbox 1568 5230 1579 5271; x_wconf 90' lang='lat'><strong>.·</strong></span> <span class='ocrx_word' id='word_1_936' title='bbox 1592 5223 1623 5272; x_wconf 91' lang='lat' dir='ltr'><strong>ut</strong></span> <span class='ocrx_word' id='word_1_937' title='bbox 1632 5216 1798 5289; x_wconf 75' lang='lat' dir='ltr'><strong>praepositio</strong></span> 
     </span>
     <span class='ocr_line' id='line_1_84' title="bbox 987 5283 1796 5363; baseline 0.015 -26"><span class='ocrx_word' id='word_1_938' title='bbox 987 5283 1015 5337; x_wconf 84' lang='lat' dir='ltr'><strong>ia</strong></span> <span class='ocrx_word' id='word_1_939' title='bbox 1041 5283 1172 5340; x_wconf 82' lang='lat' dir='ltr'><strong>exciderit</strong></span> <span class='ocrx_word' id='word_1_940' title='bbox 1192 5296 1302 5357; x_wconf 91' lang='lat' dir='ltr'><strong>propter</strong></span> <span class='ocrx_word' id='word_1_941' title='bbox 1323 5287 1441 5346; x_wconf 86' lang='lat' dir='ltr'><strong>similent</strong></span> <span class='ocrx_word' id='word_1_942' title='bbox 1463 5288 1597 5361; x_wconf 79' lang='lat' dir='ltr'><strong>syllabam</strong></span> <span class='ocrx_word' id='word_1_943' title='bbox 1619 5288 1796 5363; x_wconf 82' lang='lat' dir='ltr'><strong>subsequea-</strong></span> 
     </span>
     <span class='ocr_line' id='line_1_85' title="bbox 988 5365 1052 5411; baseline -0.047 0"><span class='ocrx_word' id='word_1_944' title='bbox 988 5365 1052 5411; x_wconf 76' lang='lat' dir='ltr'><strong>letti.</strong></span> 
     </span>
    </p>

    <p class='ocr_par' dir='ltr' id='par_1_18' title="bbox 987 5423 1793 5791">
     <span class='ocr_line' id='line_1_86' title="bbox 1022 5423 1793 5502; baseline 0.012 -22"><span class='ocrx_word' id='word_1_945' title='bbox 1022 5424 1064 5499; x_wconf 83' lang='lat' dir='ltr'><strong>(b)</strong></span> <span class='ocrx_word' id='word_1_946' title='bbox 1080 5423 1166 5482; x_wconf 79' lang='lat' dir='ltr'><strong>ierus</strong></span> <span class='ocrx_word' id='word_1_947' title='bbox 1190 5425 1275 5484; x_wconf 80' lang='lat' dir='ltr'><strong>codex</strong></span> <span class='ocrx_word' id='word_1_948' title='bbox 1298 5427 1376 5486; x_wconf 87' lang='lat' dir='ltr'><strong>Coib.</strong></span> <span class='ocrx_word' id='word_1_949' title='bbox 1392 5444 1454 5488; x_wconf 89' lang='lat' dir='ltr'><strong>carn</strong></span> <span class='ocrx_word' id='word_1_950' title='bbox 1468 5428 1575 5502; x_wconf 78' lang='lat' dir='ltr'><strong>Remig.</strong></span> <span class='ocrx_word' id='word_1_951' title='bbox 1595 5437 1624 5488; x_wconf 88' lang='lat' dir='ltr'><strong>et</strong></span> <span class='ocrx_word' id='word_1_952' title='bbox 1636 5428 1750 5501; x_wconf 69' lang='lat' dir='ltr'><strong>Germ„</strong></span> <span class='ocrx_word' id='word_1_953' title='bbox 1766 5442 1793 5489; x_wconf 88' lang='lat' dir='ltr'><strong>ru</strong></span> 
     </span>
     <span class='ocr_line' id='line_1_87' title="bbox 987 5500 1790 5573; baseline 0.014 -22"><span class='ocrx_word' id='word_1_954' title='bbox 987 5514 1063 5568; x_wconf 89' lang='lat' dir='ltr'><strong>quom</strong></span> <span class='ocrx_word' id='word_1_955' title='bbox 1074 5508 1186 5568; x_wconf 81' lang='lat' dir='ltr'><strong>praestet,</strong></span> <span class='ocrx_word' id='word_1_956' title='bbox 1202 5500 1268 5555; x_wconf 85' lang='lat' dir='ltr'><strong>sita.</strong></span> <span class='ocrx_word' id='word_1_957' title='bbox 1285 5510 1313 5555; x_wconf 86' lang='lat' dir='ltr'><strong>ut</strong></span> <span class='ocrx_word' id='word_1_958' title='bbox 1327 5502 1442 5572; x_wconf 84' lang='lat' dir='ltr'><strong>quunruir</strong></span> <span class='ocrx_word' id='word_1_959' title='bbox 1457 5502 1567 5573; x_wconf 79' lang='lat' dir='ltr'><strong>presit:</strong></span> <span class='ocrx_word' id='word_1_960' title='bbox 1583 5515 1639 5570; x_wconf 82' lang='lat' dir='ltr'><strong>non</strong></span> <span class='ocrx_word' id='word_1_961' title='bbox 1653 5503 1690 5559; x_wconf 84' lang='lat' dir='ltr'><strong>tn</strong></span> <span class='ocrx_word' id='word_1_962' title='bbox 1708 5505 1790 5562; x_wconf 75' lang='lat' dir='ltr'><strong>nralo.</strong></span> 
     </span>
     <span class='ocr_line' id='line_1_88' title="bbox 988 5569 1791 5645; baseline 0.007 -20"><span class='ocrx_word' id='word_1_963' title='bbox 988 5570 1133 5640; x_wconf 79' lang='lat' dir='ltr'><strong>Eeliptiens</strong></span> <span class='ocrx_word' id='word_1_964' title='bbox 1145 5581 1186 5628; x_wconf 90' lang='lat' dir='ltr'><strong>est</strong></span> <span class='ocrx_word' id='word_1_965' title='bbox 1200 5569 1359 5637; x_wconf 80' lang='lat' dir='ltr'><strong>iaic&#39;serraa,</strong></span> <span class='ocrx_word' id='word_1_966' title='bbox 1375 5587 1461 5645; x_wconf 81' lang='lat' dir='ltr'><strong>aeque</strong></span> <span class='ocrx_word' id='word_1_967' title='bbox 1472 5574 1664 5631; x_wconf 78' lang='lat' dir='ltr'><strong>baereticorum</strong></span> <span class='ocrx_word' id='word_1_968' title='bbox 1678 5587 1791 5632; x_wconf 85' lang='lat' dir='ltr'><strong>senten·</strong></span> 
     </span>
     <span class='ocr_line' id='line_1_89' title="bbox 988 5643 1791 5716; baseline 0.01 -20"><span class='ocrx_word' id='word_1_969' title='bbox 988 5643 1025 5697; x_wconf 89' lang='lat' dir='ltr'><strong>tia</strong></span> <span class='ocrx_word' id='word_1_970' title='bbox 1038 5650 1156 5713; x_wconf 90' lang='lat' dir='ltr'><strong>natatur,</strong></span> <span class='ocrx_word' id='word_1_971' title='bbox 1172 5657 1225 5714; x_wconf 91' lang='lat' dir='ltr'><strong>qua</strong></span> <span class='ocrx_word' id='word_1_972' title='bbox 1237 5643 1347 5700; x_wconf 81' lang='lat' dir='ltr'><strong>Christo</strong></span> <span class='ocrx_word' id='word_1_973' title='bbox 1359 5644 1395 5700; x_wconf 83' lang='lat' dir='ltr'><strong>ita</strong></span> <span class='ocrx_word' id='word_1_974' title='bbox 1407 5645 1523 5716; x_wconf 86' lang='lat' dir='ltr'><strong>primurn</strong></span> <span class='ocrx_word' id='word_1_975' title='bbox 1538 5647 1564 5701; x_wconf 92' lang='lat' dir='ltr'><strong>ia</strong></span> <span class='ocrx_word' id='word_1_976' title='bbox 1586 5645 1683 5701; x_wconf 89' lang='lat' dir='ltr'><strong>ordine</strong></span> <span class='ocrx_word' id='word_1_977' title='bbox 1697 5661 1791 5704; x_wconf 87' lang='lat' dir='ltr'><strong>reruar</strong></span> 
     </span>
     <span class='ocr_line' id='line_1_90' title="bbox 988 5714 1790 5791; baseline 0.006 -21"><span class='ocrx_word' id='word_1_978' title='bbox 988 5714 1177 5785; x_wconf 88' lang='lat' dir='ltr'><strong>temporalium</strong></span> <span class='ocrx_word' id='word_1_979' title='bbox 1192 5714 1282 5773; x_wconf 88' lang='lat' dir='ltr'><strong>iocum</strong></span> <span class='ocrx_word' id='word_1_980' title='bbox 1298 5714 1449 5775; x_wconf 89' lang='lat' dir='ltr'><strong>concedunt</strong></span> <span class='ocrx_word' id='word_1_981' title='bbox 1464 5733 1471 5773; x_wconf 78' lang='grc' dir='ltr'><strong><em>ε</em></strong></span> <span class='ocrx_word' id='word_1_982' title='bbox 1488 5725 1518 5775; x_wconf 91' lang='grc' dir='ltr'><strong>ιι</strong></span> <span class='ocrx_word' id='word_1_983' title='bbox 1531 5717 1657 5790; x_wconf 76' lang='lat' dir='ltr'><strong>quamvis</strong></span> <span class='ocrx_word' id='word_1_984' title='bbox 1671 5716 1706 5774; x_wconf 90' lang='lat' dir='ltr'><strong>iis</strong></span> <span class='ocrx_word' id='word_1_985' title='bbox 1720 5730 1790 5791; x_wconf 75' lang='lat' dir='ltr'><strong>prae-</strong></span> 
     </span>
    </p>
   </div>
   <div class='ocr_carea' id='block_1_14' title="bbox 0 0 1946 6136">
    <p class='ocr_par' dir='ltr' id='par_1_19' title="bbox 0 0 1946 6136">
     <span class='ocr_line' id='line_1_91' title="bbox 0 0 1946 6136; baseline 0 3"><span class='ocrx_word' id='word_1_986' title='bbox 0 0 1946 6136; x_wconf 95' lang='lat' dir='ltr'><strong> </strong></span> 
     </span>
    </p>
   </div>
  </div>
 </body>
</html>
