3884 6136
136 214 189 273 625

600 209 635 266 ΙΝ
653 208 776 266 sabell
796 207 923 264 utuaull
942 205 1095 264 urrscorl
1115 204 1329 264 FRAGMENTA

1738 203 1793 261 sat

137 327 264 383 dentibus
277 342 332 382 non
346 325 512 382 cohereret:
537 333 591 379 tum
606 323 673 378 illud
689 328 716 378 ln
730 332 770 379 tot
784 322 934 394 fragmenta
949 338 1097 400 egressus
1112 323 1282 393 explicando,
1297 339 1356 378 cana
1369 338 1422 378 non
1435 321 1514 378 unius
1527 320 1656 388 hominis,
1680 320 1727 376 sed
1747 337 1793 375 ro·

138 421 240 492 partiri,
253 430 321 490 quot
333 420 358 473 in
371 418 436 473 locis
449 416 520 471 nacti
533 430 627 470 smnus
641 415 775 471 dissutum
787 424 835 470 aut
845 416 936 486 aliqua

138 513 180 568 sui
194 522 271 584 parte
284 509 435 576 mutilatus,
452 509 599 579 fragmenta
611 507 716 578 singula
731 507 878 563 secundum
892 523 937 561 or·

138 607 229 663 dinem
243 616 393 673 temporum
406 603 608 659 collocavimus.

173 696 397 770 eoo-eloh.
417 695 486 753 Nori
501 697 578 767 irrrjns
594 695 691 750 ordinis
704 695 850 749 utilitas-
860 692 936 748 Novo

138 795 184 850 illo
192 795 289 849 ordine
300 794 415 864 primum
428 793 496 848 tituli
506 807 520 846 a
531 791 641 848 Nicolao
652 791 741 846 Fabro
752 789 828 844 inditi
838 788 937 845 ueritas

137 889 343 961 comprobatum
356 903 450 944 eorum
464 886 562 943 deinde
571 886 722 942 consulitur
738 882 935 952 commoditati,

136 971 183 1050 qui
197 995 266 1049 opus
287 979 352 1034 illud
371 980 414 1035 rel
436 977 556 1034 indicare
574 978 693 1049 cupient,
718 977 760 1032 rel
789 975 935 1031 indicatum

137 1085 349 1142 recognoscere3
360 1085 392 1125 ac
400 1070 507 1125 demum
521 1068 617 1124 lectori
626 1075 781 1138 praestatur,
790 1065 860 1121 unde
871 1062 935 1119 illud

135 1161 280 1233 jucundius
293 1162 348 1232 jam
375 1161 446 1231 legar
465 1169 545 1230 atque
566 1160 670 1215 utilius.
695 1160 723 1215 Si
744 1163 815 1213 enim
832 1157 936 1227 ingrata

137 1264 180 1310 cst
203 1264 232 1311 et
259 1254 292 1308 ad
319 1269 439 1309 errorem
460 1251 535 1307 ducit
557 1267 647 1309 rerum
672 1259 808 1322 gestarum
824 1247 935 1304 coniusa

137 1348 257 1403 narratio
269 1363 277 1412 ;
290 1345 407 1416 jucunda
424 1360 485 1402 esse
497 1345 580 1401 debet
594 1353 622 1401 et
640 1343 673 1399 ad
692 1343 833 1400 veritatem
854 1341 936 1398 redu-

137 1457 200 1499 cere
211 1440 335 1497 distincta
350 1450 378 1496 et
389 1441 521 1497 ordinata.
535 1441 646 1510 Experti
662 1454 756 1495 sumus
777 1439 839 1508 ipsi,
854 1454 934 1510 qnam

136 1537 189 1594 sibi
204 1547 297 1591 mutuo
311 1535 414 1604 singula
428 1535 589 1605 Fragmenta
601 1549 651 1589 suo
666 1534 726 1588 loco
740 1531 826 1602 posita
844 1532 934 1588 lucem

137 1628 260 1685 ailerant.
286 1626 366 1682 Certe
385 1626 448 1696 qnid
462 1627 489 1681 in
503 1626 553 1681 hoc
566 1625 636 1680 libro
649 1625 728 1691 desit,
753 1621 776 1678 si
789 1638 841 1678 non
854 1620 932 1678 crlri-

991 416 1043 472 tius
1059 416 1120 472 hdei
1134 416 1319 486 expulsionem
1340 416 1491 485 suscepisse
1506 432 1538 470 er
1560 414 1619 483 ipso
1641 414 1715 470 enirn
1742 415 1794 468 dc-

990 521 1133 566 monstrat.
1166 510 1225 578 Quo
1249 511 1320 566 circa
1346 508 1474 580 quidquid
1497 524 1529 564 err
1558 508 1640 563 rariis
1667 507 1794 563 conciliis

992 603 1115 673 exponit,
1141 602 1175 657 ad
1195 619 1278 658 uuum
1298 602 1471 658 Arirninense
1487 613 1622 672 tamquam
1648 599 1682 656 ad
1710 600 1793 656 finem

990 694 1084 762 refert,
1095 695 1120 749 in
1137 710 1191 765 quo
1205 703 1299 765 aperte
1331 693 1456 765 parciecit
1482 693 1605 758 haeresis,
1630 690 1696 762 quid
1711 706 1796 761 supc-

989 789 1108 844 rioribus
1124 788 1275 843 moliretur.
1300 787 1368 843 ilinc
1395 787 1417 842 si
1444 800 1488 842 res
1513 793 1620 856 spectes
1645 782 1697 840 hoc
1720 784 1795 840 libro

990 887 1143 944 contentas,
1167 879 1284 950 binarium
1308 878 1492 950 synodorum3
1517 876 1540 931 si
1562 891 1685 946 scopum,
1712 875 1795 930 nnius

989 973 1169 1029 Arirnincnsis
1191 973 1330 1028 historiam
1349 972 1492 1042 complecti
1512 970 1642 1027 dicendus
1655 979 1708 1027 est.
1721 968 1794 1026 Cum

989 1077 1079 1123 autern
1108 1066 1186 1138 hujus
1205 1066 1312 1122 concilii
1341 1066 1458 1121 maxime
1485 1064 1596 1121 Ursacio
1622 1072 1650 1120 et
1678 1061 1796 1120 Valente

990 1160 1152 1217 instantibus
1166 1169 1219 1215 tam
1244 1159 1336 1215 infelix
1351 1158 1439 1214 oritus
1465 1157 1563 1224 luerit;
1588 1173 1641 1212 non
1664 1157 1737 1210 male
1753 1156 1795 1210 irr-

990 1253 1123 1311 seribarur
1137 1264 1232 1309 contra
1246 1253 1314 1308 dnos
1329 1252 1390 1308 illos
1406 1254 1511 1307 arianae
1524 1251 1707 1315 seeteonees,
1724 1264 1795 1321 quo·

989 1362 1049 1402 rum
1065 1345 1175 1415 periidia
1191 1361 1246 1402 nou
1269 1346 1349 1401 exiis
1373 1344 1463 1400 solum
1487 1360 1548 1416 quae
1573 1343 1740 1399 Ariminensi
1766 1342 1794 1398 in

989 1439 1093 1511 synodo
1106 1454 1138 1495 ac
1158 1446 1219 1508 post
1230 1439 1314 1494 moliti
1326 1446 1400 1504 sunt,
1414 1437 1462 1493 sed
1476 1447 1503 1493 er
1513 1452 1546 1492 ex
1561 1436 1681 1508 pristinis
1695 1451 1794 1492 eorum

988 1532 1056 1586 actis
1070 1532 1270 1601 comprobatur.
1297 1530 1337 1585 Es
1360 1529 1458 1600 quibus
1484 1544 1592 1585 rursum
1617 1545 1678 1585 eum
1694 1529 1795 1584 llicro·

989 1638 1070 1697 nymo
1084 1624 1242 1680 conciliatur
1258 1623 1320 1679 libri
1344 1622 1425 1695 hujus
1439 1624 1465 1677 in
1483 1623 1585 1680 nostris
1607 1638 1672 1679 mss.
1698 1622 1796 1679 consi·

135 1721 210 1789 benr,
228 1719 387 1790 plerumque
409 1717 506 1773 saltem
526 1716 680 1772 ostendunt.
704 1716 840 1772 halendum
853 1715 935 1772 etiam
950 1740 974 1800 R
988 1726 1071 1788 gnara
1085 1717 1237 1786 inscriptio.

137 1814 200 1869 dum
227 1810 410 1868 continuarem
443 1824 533 1865 rerum
558 1811 655 1866 seriem
676 1825 710 1865 err
734 1810 829 1865 ordine
850 1809 936 1878 expli-

136 1918 208 1975 cant,
224 1922 333 1977 sensnm
354 1904 542 1961 demonstrant
561 1905 612 1962 sub
627 1905 763 1961 mendosis
785 1904 875 1960 verbis
893 1903 935 1958 la·

136 2011 248 2060 tentem.
261 2002 365 2057 Clarius
377 2001 493 2068 deniqne
507 2001 598 2056 animo
611 1999 770 2055 intuendum
781 2007 937 2070 proponunt

137 2103 222 2151 totum
238 2095 265 2150 in
281 2093 333 2151 boc
347 2109 430 2164 opere
442 2092 562 2148 auctoris
574 2093 729 2148 consilium.

171 2185 217 2242 xl.
244 2184 316 2239 Libri
343 2185 420 2255 iratius
442 2201 543 2241 aninmo
567 2193 591 2239 et
613 2201 717 2255 scopus.
737 2186 883 2242 -Statim
902 2201 937 2242 ex

135 2281 287 2351 fragmento
300 2295 309 2332 r
322 2287 445 2347 apparet,
461 2276 591 2333 Hilarium
602 2277 636 2332 ab
646 2275 799 2332 Arelatensi
821 2277 934 2350 synodo,

135 2372 212 2443 cujus
225 2382 283 2426 acta
294 2369 493 2430 desiderantur,
508 2368 580 2424 hunc
592 2368 691 2423 librum
715 2366 867 2423 inclinasse.
895 2367 936 2423 Ex

135 2481 189 2538 quo
202 2480 255 2520 non
272 2462 388 2519 absurde
402 2462 522 2532 cogitare
537 2472 589 2529 est,
604 2477 635 2516 ea
647 2460 681 2516 ad
694 2460 848 2530 praedictam
870 2466 937 2516 Are·

135 2557 267 2613 latensem
287 2554 419 2629 synodum
437 2552 622 2609 illustrandam
647 2554 794 2623 pertinere,
821 2567 881 2622 qnae
902 2551 937 2608 de

136 2648 290 2707 Sardieensi
310 2663 341 2703 ac
355 2647 469 2703 solemni
485 2645 606 2702 Valentis
632 2654 666 2702 ct
685 2645 789 2702 Ursacii
805 2655 937 2702 retracta·

135 2744 210 2828 tione
233 2743 385 2814 fragmento
407 2756 425 2796 ιι
448 2739 638 2809 subjiciuntur.
664 2738 705 2794 En
728 2739 761 2794 iis
775 2739 847 2794 enim
869 2738 937 2793 actis

135 2846 230 2910 aperte
244 2836 447 2892 demonstratur
467 2834 595 2902 iniqnitas
617 2835 759 2890 sententiaa
779 2848 831 2904 qua
853 2831 938 2887 Atha·

137 2931 241 2997 nasius,
256 2928 365 2985 Arelate
384 2943 417 2983 ac
431 2935 522 2998 postea
540 2927 695 2992 Mediolani,
719 2926 840 2991 Valente,
855 2925 938 2982 Ursa-

136 3025 180 3083 cio
199 3033 227 3082 et
245 3022 392 3079 Saatnrnino
406 3020 563 3077 auctoribus
583 3020 779 3076 condemnatus
794 3028 845 3075 cst.
860 3017 937 3075 Unde

1023 1809 1093 1865 Alli.
1111 1811 1221 1876 erondo
1235 1810 1345 1881 scriptus
1355 1811 1387 1866 sit
1398 1809 1441 1864 iric
1456 1809 1659 1882 libem-ltaque
1670 1809 1795 1867 Hilarius

988 1903 1118 1960 Ecclesiae
1130 1903 1209 1958 saluti
1219 1918 1365 1973 numquam
1374 1919 1426 1957 non
1437 1904 1616 1973 prospiciens,
1625 1903 1694 1959 sicut
1710 1903 1798 1958 libros

987 1996 1022 2054 de
1033 1996 1164 2053 Trinitate
1177 1998 1270 2063 edidit,
1286 2013 1320 2053 ne
1339 1997 1526 2053 exsulanribus
1540 2013 1612 2054 verae
1636 1996 1697 2052 lrdei
1721 2012 1797 2068 pre·

988 2092 1152 2148 dicatoribus
1178 2106 1243 2147 sana
1271 2090 1395 2146 doctrina
1422 2090 1592 2146 coexsularet
1618 2089 1696 2162 (Lib.
1725 2106 1741 2144 x
1766 2091 1801 2145 dc

990 2186 1097 2253 Trinit,
1111 2204 1137 2240 n.
1157 2185 1202 2256 l);
1228 2184 1265 2241 ita
1280 2195 1306 2241 et
1323 2186 1441 2255 suscepit
1463 2185 1607 2256 hocopus,
1637 2200 1671 2240 ne
1696 2184 1801 2241 absen-

989 2282 1059 2338 tibus
1084 2281 1222 2352 plerisque
1244 2280 1401 2335 Pastoribus
1425 2287 1537 2335 noceret
1561 2293 1686 2349 pcrrcrsa
1705 2296 1712 2332 ε
1730 2288 1758 2335 et
1768 2286 1801 2334 ut

989 2374 1173 2443 uniusquisque
1185 2371 1201 2426 d
1205 2372 1290 2426 udicio
1297 2372 1414 2444 deinceps
1421 2371 1526 2442 proprio
1535 2370 1675 2425 consistens
1688 2368 1800 2426 salsita-

989 2477 1041 2523 tem
1056 2467 1128 2522 illius
1143 2481 1190 2536 per
1203 2481 1233 2521 se
1246 2466 1422 2531 discerneret,
1444 2476 1467 2520 et
1483 2465 1629 2535 opinionem
1642 2481 1693 2520 non
1703 2481 1797 2536 seque·

991 2575 1062 2618 retur
1083 2562 1193 2616 olienunr
1217 2557 1313 2631 (Frnp.
1340 2577 1369 2626 r,
1394 2576 1420 2612 rr.
1446 2559 1484 2630 i).
1512 2556 1589 2627 Quod
1615 2573 1648 2613 co
1672 2567 1802 2626 ternpore

989 2651 1275 2709 convenientissinrurn
1290 2661 1363 2717 erat,
1383 2651 1454 2722 quod
1473 2650 1506 2706 ad
1529 2650 1732 2706 Ariminensem
1752 2663 1802 2706 ec·

990 2745 1086 2799 thesim
1110 2743 1300 2813 excipiendam
1326 2741 1476 2799 Constantii
1509 2741 1682 2813 imperatoris
1706 2741 1802 2797 edicto

989 2840 1154 2910 engelranrur
1168 2852 1274 2902 onmes,
1287 2847 1314 2893 et
1326 2852 1380 2907 quo
1397 2836 1523 2902 llilarius,
1542 2835 1626 2891 illaeso
1645 2837 1796 2905 imperato-

989 2930 1026 2986 ris
1046 2930 1165 2995 nomine,
1184 2946 1243 2985 earn
1259 2928 1385 2984 omnibus
1403 2927 1584 2984 damnandam
1604 2926 1799 2984 denoasrrare

988 3019 1801 3093 certabatur,dnaaectieerereamuempublieeineufflg

136 3115 271 3173 incudem
284 3113 473 3184 Fragmentum
485 3114 530 3177 l8,
545 3125 650 3178 corum,
666 3110 710 3180 qui
722 3109 842 3166 Serdica
854 3109 938 3165 Atha·
952 3126 975 3189 C
991 3114 1114 3170 conciliis
1137 3114 1268 3169 damnare
1288 3123 1314 3169 et
1328 3114 1470 3185 abrogare.
1485 3113 1539 3169 Sed
1562 3122 1590 3167 et
1602 3114 1674 3169 huuc
1698 3114 1802 3169 librum

137 3208 205 3264 nasii
219 3206 420 3262 absolutionem
442 3211 632 3273 procurarunt,
652 3202 882 3272 comparationem
899 3202 939 3256 la-

137 3302 213 3357 ciens
230 3298 347 3355 llilarius
369 3311 430 3353 eum
447 3296 480 3350 iis
492 3295 537 3365 qui
561 3294 670 3350 Arelate
691 3293 718 3349 in
738 3292 859 3363 ejusdem
874 3307 939 3347 eon-

139 3393 276 3462 spirarunt
291 3388 502 3452 damnationem,
519 3386 577 3441 ait:
599 3385 739 3458 lqrrorusse
757 3400 800 3438 ons
816 3383 939 3457 nequiitis

139 3484 291 3550 Athanasio,
305 3482 380 3554 cujus
400 3481 589 3535 drrnrmtionem
613 3496 629 3532 o
652 3478 722 3533 uobis
737 3475 842 3542 Valens,
859 3475 940 3532 Urso-

138 3580 204 3644 cr'tts,
218 3577 377 3634 Soluntinus
400 3575 516 3645 roipert,
539 3573 571 3626 ob
592 3571 666 3638 Orio,
692 3570 848 3635 Moxirrrino,
867 3567 940 3623 lulio

139 3672 266 3729 redditam
278 3667 502 3726 communionem?
515 3665 583 3721 ilinc
596 3679 656 3736 quac
670 3664 727 3719 sire
742 3662 869 3726 hrrcileri,
884 3661 940 3716 Eu·

139 3762 219 3829 sebii,
243 3761 412 3830 aliorumque
426 3757 613 3814 consessorurrr
628 3753 733 3819 exsilia,
749 3752 809 3808 sire
823 3751 941 3807 Vincen-

141 3857 170 3913 tii
184 3871 216 3911 ae
228 3851 417 3910 Fortunatiani
432 3850 538 3920 lapsum
548 3854 683 3918 spectant,
697 3855 725 3901 et
741 3845 811 3900 inter
823 3844 881 3900 haec
901 3843 939 3898 in·

140 3958 212 4005 serta
228 3945 329 4002 Liberii
341 3944 457 4016 primum
470 3941 575 3996 lortirer
590 3939 661 3995 dicta
680 3947 821 4009 gestaque,
837 3952 869 3992 ac
883 3945 941 3991 tan-

141 4040 202 4096 dem
226 4037 311 4108 turpis
333 4051 394 4093 curn
421 4033 528 4089 Arianis
551 4046 712 4099 consensus,
737 4028 941 4085 haberimerito

141 4129 340 4199 possuntvelut
360 4125 527 4181 Arelatensis
547 4123 644 4197 synodi
659 4123 877 4187 consecutiones,
895 4129 943 4178 aut

142 4229 217 4275 certe
229 4218 416 4274 inchoationes
430 4216 621 4272 Arirninensis.
634 4214 716 4284 Cujus
729 4223 787 4268 acta
802 4224 863 4284 post
885 4213 943 4268 hec

143 4325 193 4367 suo
206 4311 301 4367 ordine
316 4310 437 4374 veniunt,
453 4319 479 4364 et
494 4324 554 4379 quae
569 4323 630 4365 eum
643 4306 678 4362 ad
699 4306 764 4362 illud
786 4305 943 4362 rescinden-

143 4403 207 4461 dnm
223 4402 303 4457 variis
317 4399 345 4455 in
362 4399 427 4455 locis
437 4415 452 4453 a
463 4399 604 4455 catholicis
617 4406 727 4460 statuta,
738 4407 793 4453 turn
804 4398 839 4453 ad
853 4400 942 4468 ipsum

991 3207 1150 3264 Constantio
1160 3207 1247 3262 adbuc
1262 3207 1333 3271 rivo,
1346 3216 1373 3261 et
1383 3204 1536 3262 abOriente
1549 3204 1667 3261 nondum
1684 3220 1800 3263 reuerso

990 3299 1093 3356 liilario
1112 3300 1267 3355 inchoatum
1280 3314 1351 3364 csse,
1361 3315 1393 3355 es
1406 3297 1588 3369 Fragrnentor
1599 3299 1680 3369 longe
1692 3299 1799 3355 certius

990 3392 1142 3446 coniicitur.
1156 3391 1198 3446 Ad
1212 3390 1283 3461 quod
1310 3391 1383 3446 enirn
1405 3389 1488 3458 aliud,
1513 3391 1564 3447 nisi
1586 3391 1618 3446 ad
1641 3389 1801 3448 Constantii

992 3492 1109 3552 tempus,
1118 3482 1260 3539 cnrrrrunde
1272 3483 1398 3538 retuleris
1408 3483 1502 3539 isthaec
1513 3499 1587 3539 num.
1599 3486 1616 3538 d
1626 3482 1676 3539 :ln
1686 3484 1804 3544 nearent·

990 3578 1091 3646 irrrperii
1115 3577 1223 3649 repotiis
1238 3577 1308 3646 quies
1330 3578 1456 3650 carpitur,
1471 3595 1518 3634 reu
1531 3579 1648 3648 orrpitur,
1664 3580 1800 3649 palatium

993 3676 1087 3745 (noct,
1100 3673 1213 3744 episcopi
1231 3672 1445 3737 circurncmsnnt,
1472 3682 1525 3728 etc.
1541 3671 1611 3740 Quid
1636 3686 1719 3743 porro
1744 3672 1803 3731 sibi

993 3769 1059 3834 ruit,
1082 3765 1153 3837 qrrnd
1169 3765 1249 3836 paulo
1262 3775 1326 3822 ante
1339 3767 1488 3836 praemittit,
1506 3765 1580 3838 (lpus
1593 3777 1661 3822 tento
1681 3785 1801 3842 prose...

993 3861 1107 3915 locorum
1117 3860 1144 3914 in
1159 3858 1252 3931 quidne
1262 3869 1333 3932 posto
1345 3876 1386 3916 res
1398 3871 1446 3929 est,
1466 3877 1562 3932 trosque
1576 3863 1688 3934 opimus,
1708 3864 1806 3937 despe-

993 3956 1093 4010 ratione
1107 3955 1289 4027 pereprirrunr?
1303 3955 1369 4024 Quis
1394 3956 1439 4012 ille
1453 3957 1539 4023 locus,
1556 3956 1583 4012 in
1597 3972 1651 4028 qno
1667 3957 1804 4015 erectus

993 4063 1025 4104 ac
1039 4048 1138 4105 Valens
1153 4058 1183 4104 ut
1208 4048 1271 4105 lldei
1291 4050 1405 4121 perlidia
1431 4050 1610 4108 Arirninensis
1626 4053 1804 4124 propelleret

994 4138 1145 4205 ellecerint,
1161 4140 1212 4195 nisi
1227 4140 1291 4195 urbs
1306 4141 1379 4213 regia
1397 4152 1425 4197 er
1444 4143 1616 4213 irnperaroris
1630 4146 1803 4204 eomitstrrsl

993 4227 1059 4296 Quae
1073 4231 1137 4286 item
1154 4230 1210 4284 loca
1224 4229 1378 4301 desperata,
1401 4234 1454 4288 nisi
1473 4233 1581 4302 Oriens,
1600 4233 1679 4307 cujus
1700 4236 1801 4296 decem

994 4322 1285 4392 Asianasprorincias,
1315 4323 1406 4394 paucis
1434 4340 1495 4381 cum
1522 4325 1635 4383 Eleusin
1662 4330 1802 4399 exeeptis,

994 4428 1058 4469 rere
1069 4413 1152 4469 benaa
1167 4415 1273 4472 nescire
1283 4415 1339 4488 jam
1353 4417 1401 4472 lib.
1424 4418 1458 4474 de
1477 4417 1581 4492 Synod.
1598 4436 1675 4476 num.
1690 4421 1737 4488 bd,
1748 4436 1801 4479 au·

145 4492 366 4569 ill0l¹¹¹ss¹¹l¹¹d⁰¹¹¹
387 4490 422 4546 ib
443 4490 555 4547 U¹'⁵³⁰l⁰
581 4499 609 4546 θῑ
629 4489 742 4546 V²¹0¹¹¹0
767 4499 878 4545 tentata.
901 4491 1127 4578 E¹puivimusr
1139 4505 1284 4576 Propterea
1306 4510 1471 4581 per'eprinurn
1490 4521 1532 4568 est
1553 4527 1633 4583 opus,
1656 4513 1801 4585 quiscum

144 4603 199 4659 quo
213 4593 335 4657 apparet,
359 4582 491 4639 llilarium
515 4582 566 4639 boc
587 4596 642 4637 uuo
666 4581 746 4649 libro,
760 4566 890 4652 quidquid
914 4580 942 4637 in

144 4679 291 4736 Occidente
317 4675 430 4732 lroeresis
452 4673 552 4731 Ariana
572 4674 697 4745 gesserit,
712 4672 943 4744 comprehendere

143 4773 271 4830 voluisse.

181 4864 238 4919 xil.
260 4863 343 4918 Plura
357 4862 469 4916 continet
483 4869 551 4927 octo,
566 4861 611 4916 sed
624 4877 680 4931 quo
693 4861 727 4914 od
748 4861 824 4916 unius
848 4860 943 4916 Ariari-

144 4961 230 5014 nensis
244 4958 336 5030 synodi
350 4957 482 5011 historiam
497 4960 652 5028 referuntur¹
682 4955 803 5026 Namque
827 4972 888 5010 curn
915 4956 943 5010 in

147 5053 188 5108 lris
202 5053 323 5122 partibus
337 5050 397 5105 bdei
419 5049 577 5105 defensores
592 5048 745 5104 Arelatensi
772 5049 876 5120 synodo
898 5066 945 5106 er-

145 5146 249 5217 pellere
268 5144 415 5213 eoepisset,
432 5157 480 5198 eos
500 5155 553 5196 non
568 5140 629 5196 lrdei
645 5141 691 5197 sed
713 5142 792 5197 unius
805 5141 945 5198 Arlrnnasii

145 5237 231 5310 gratia
245 5237 271 5291 in
285 5235 410 5292 exsilium
424 5232 528 5302 eiectos
542 5248 604 5290 csse
617 5235 696 5305 uulgo
708 5234 860 5305 persuasit3
875 5234 945 5290 adeo

147 5343 176 5387 nt
197 5331 240 5387 lric
264 5345 343 5386 error
368 5343 452 5399 prope
471 5329 590 5384 omnium
613 5330 752 5400 occuparit
775 5341 890 5396 mentes,
907 5338 946 5385 tot

146 5421 303 5478 sacerdotes
313 5421 424 5485 idcirco,
440 5421 511 5492 qnod
522 5425 547 5474 in
562 5421 637 5475 illum
650 5424 810 5477 sententiam
827 5438 879 5478 non
893 5420 944 5477 ler-

146 5525 217 5581 rent,
235 5514 370 5581 exsulare,
386 5529 500 5584 eamque
516 5528 569 5568 non
584 5519 649 5569 satis
660 5513 768 5585 dignam
783 5531 844 5571 esse
855 5530 948 5572 snsce-

147 5608 186 5676 pti
201 5607 289 5662 exsilii
302 5622 423 5664 eausam.
436 5606 563 5663 Errorem
578 5605 761 5663 illunr²sanare
774 5618 852 5664 curat
872 5607 945 5664 llila·

137 5700 202 5756 l'ius
229 5697 325 5772 (Fr-aq.
351 5717 370 5767 r,
393 5717 421 5756 n.
447 5699 487 5772 i),
509 5699 725 5759 commendaris
747 5702 859 5762 heresis
884 5717 946 5774 pro-

998 4593 1114 4652 ililarius
1128 4592 1374 4666 Constantinopoli,
1387 4600 1413 4655 in
1427 4617 1480 4672 qua
1497 4613 1631 4672 versatur,
1645 4615 1727 4676 atque
1740 4605 1802 4662 cir·

997 4685 1211 4756 conjacentibus
1236 4691 1392 4760 regionibus
1411 4694 1544 4760 prolicere
1557 4709 1587 4751 se
1602 4710 1682 4766 posse
1699 4697 1801 4770 despe-

997 4791 1049 4846 rer,
1065 4781 1283 4839 adbccidentern
1307 4784 1371 4841 illud
1391 4785 1509 4844 destinat
1530 4788 1602 4845 unde
1625 4790 1712 4849 abest.
1728 4792 1800 4850 Eam

997 4874 1069 4928 enirn
1084 4874 1157 4929 verbi
1172 4877 1335 4946 pereqrinnm
1345 4878 1399 4932 rinr
1414 4893 1474 4935 csse
1488 4880 1572 4952 liquet
1588 4897 1621 4938 ex
1635 4882 1679 4938 iris
1697 4882 1748 4940 lib.
1764 4885 1801 4943 de

997 4964 1100 5038 Syrrod.
1118 4982 1192 5022 rrum.
1204 4967 1239 5023 tta
1256 4986 1263 5021 :
1281 4967 1341 5024 Aion
1356 4974 1492 5043 pereprina
1506 4973 1608 5045 loquor,
1630 4992 1711 5050 neque
1723 4977 1801 5050 ipsso·

997 5070 1054 5114 roto
1068 5060 1169 5128 scribo;
1183 5063 1270 5118 oudini
1279 5080 1309 5118 oc
1323 5063 1375 5119 uidi
1392 5066 1454 5120 uitio
1466 5070 1630 5139 presentiam
1653 5085 1664 5126 .·
1682 5087 1746 5128 curn
1760 5072 1800 5129 tbi

997 5154 1132 5223 percpi-ina
1156 5155 1298 5211 nranileste
1325 5167 1497 5228 opponantur
1520 5161 1713 5232 presentibus.
1739 5164 1800 5223 lioe

997 5246 1079 5316 igitur
1089 5246 1203 5303 adorsus
1214 5263 1285 5303 :anno
1298 5249 1361 5317 alib,
1377 5267 1438 5308 eum
1458 5252 1548 5310 adbuc
1560 5255 1801 5328 consuntiuopnii

997 5351 1162 5407 versaretur,
1177 5357 1210 5398 ac
1223 5345 1379 5415 priusquam
1399 5359 1493 5403 contra
1514 5346 1704 5406 Constantium
1729 5353 1802 5410 sori-

997 5430 1091 5500 beret,
1120 5443 1214 5506 postea
1242 5439 1349 5495 indies
1373 5441 1494 5511 adauxit,
1522 5443 1562 5500 uti
1589 5442 1670 5502 Adern
1695 5445 1802 5506 iaciunt

996 5523 1144 5596 lragrnenta
1159 5544 1189 5594 n,
1205 5545 1252 5594 sn,
1267 5539 1319 5586 ete.

1034 5618 1102 5674 xlv.
1123 5621 1201 5688 Quod
1227 5624 1254 5678 in
1274 5626 1379 5696 singula
1391 5626 1471 5685 docte
1490 5631 1649 5697 etcopiose
1667 5635 1802 5705 prelatos

998 5719 1040 5770 est
1053 5710 1177 5771 Aicrrlaus
1194 5714 1290 5788 Faber,
1307 5734 1362 5777 nnn
1375 5721 1597 5793 supprimendum
1610 5723 1751 5799 duximus,
1764 5744 1801 5789 us
